1974 3772
187 277 222 337 tc
375 286 525 334 ›aunmr
542 269 717 338 'croculi
743 358 747 365 Ι

185 389 293 450 Namque
302 385 353 433 aliae
363 383 428 433 rictu
438 385 570 449 invigilant,
581 395 604 433 et
615 383 702 435 loedere
711 396 780 451 pacto

184 467 329 514 Exarcehtur
338 464 398 529 agris
410 483 416 510 :
426 480 481 528 pers
489 463 550 511 intra
560 475 625 528 septa
635 463 762 513 domorum

184 527 284 594 Nalcissi
293 545 433 610 lacrymam,
445 555 468 591 et
476 544 569 590 lentum
578 542 607 591 de
616 544 700 592 cortice
711 543 805 609 gluten,

184 627 262 672 Prima
273 619 332 670 favis
341 633 436 686 ponunt
444 620 595 681 fundamina5
606 621 691 670 deinde
700 634 793 671 tenaces

184 702 338 766 Suspendunt
346 717 409 750 ceras
420 719 427 749 ε
437 700 501 759 aliae,
511 716 578 765 spem
589 701 677 766 gentis,
687 701 780 752 adultos

182 782 296 830 Educunt
306 780 368 829 lctus
377 798 383 827 :
393 780 443 828 aliae
452 780 577 845 purissima
584 778 654 828 mella

107 923 111 933 ·
177 857 289 926 Stipant,
300 871 323 908 et
331 860 422 925 liquido
432 859 570 909 distendunt
581 871 673 909 nectare
682 859 758 909 cellas.

161 948 165 955 '
184 942 244 990 Sunt
253 939 342 1005 quihus
352 939 470 1004 adportas
480 937 562 986 cecidit
571 937 676 987 custodia
681 939 755 1008 corti:

183 1023 259 1084 Inque
268 1020 345 1067 vicem
354 1018 505 1084 speculantur
515 1033 587 1081 aquas
597 1029 620 1066 et
629 1004 789 1077 nubilso'mli,

98 1115 99 1119 ¹
183 1097 233 1147 Aut
243 1115 314 1159 onera
325 1097 443 1162 accipiunt
452 1097 600 1156 venientum
610 1108 663 1156 aut,
675 1097 767 1170 agmine
780 1093 854 1157 facto,

183 1182 300 1243 Ignavum
309 1176 375 1226 fucos
385 1181 456 1242 perus
466 1176 480 1224 l
489 1176 633 1242 praesepihus
643 1189 727 1224 arcent

182 1259 269 1306 Fervet
278 1273 351 1321 opus,
361 1255 513 1320 redolentque
523 1253 607 1322 thymo
616 1253 741 1320 fragrantia
751 1255 829 1304 mella.

182 1335 219 1383 Ac
227 1335 301 1383 veluti
311 1336 380 1383 lentis
390 1335 505 1399 Cyclopes
515 1331 614 1383 fulmina
623 1335 706 1384 massis
783 1379 785 1384 .

181 1411 244 1467 curn
254 1426 394 1479 properant,
403 1413 444 1461 olii
453 1411 552 1461 taurinis
561 1412 657 1461 follibus
668 1428 735 1461 auras

75 1534 83 1565 :
182 1491 322 1557 Accipiunt,
332 1492 495 1556 redduntque3
505 1491 544 1540 alii
554 1491 674 1566 stridentia
684 1493 780 1559 tingrmt

182 1572 237 1620 ¹AEra
246 1572 300 1620 lacu
310 1589 316 1618 t
327 1569 399 1636 gemit
409 1571 523 1637 impositis
533 1570 659 1619 incudibus
668 1574 739 1620 AEtna
749 1588 756 1618 :
772 1570 776 1576 ’

182 1649 220 1699 Illi
229 1649 291 1698 inter
300 1666 349 1698 sese
358 1652 443 1716 magna
452 1651 477 1699 vi
486 1648 581 1699 brachia
590 1638 678 1700 tollunt

180 1734 211 1778 ln
221 1746 360 1791 numerum,
369 1742 509 1796 versantque
519 1730 595 1778 tenaci
604 1728 692 1795 forcipe
702 1727 798 1800 lenum.

182 1811 235 1858 Non
246 1809 313 1857 aliter
322 1810 356 1874 (si
365 1825 438 1874 parva
448 1811 502 1859 licet
512 1825 651 1875 componere
660 1808 764 1873 magnis)

181 1889 305 1953 Cecropias
315 1889 410 1936 innatus
420 1904 475 1952 apes
485 1905 551 1936 amor
559 1900 627 1955 urget
637 1885 754 1946 habendi,

180 1969 280 2014 Munere
289 1982 408 2030 quamque
416 1983 466 2015 suo.
478 1967 616 2017 Grandaevis
626 1965 713 2032 oppidu
723 1980 798 2026 cura,

182 2047 212 2093 Et
221 2044 314 2093 munire
324 2041 402 2104 faros,
413 2058 436 2093 et
446 2045 535 2094 dadala
543 2044 630 2112 lingere
638 2058 704 2095 tectu.

182 2123 214 2172 At
224 2122 290 2174 lessae
298 2124 374 2172 multa
381 2123 486 2173 referunt
495 2142 519 2174 se
529 2139 597 2175 nocte
606 2125 721 2182 minores,
785 2132 788 2137 '

182 2205 255 2252 Crura
265 2201 349 2269 thymo
357 2205 445 2268 plenae:
457 2217 585 2270 pasccmtur
595 2215 618 2253 et
628 2205 711 2252 arbuta
722 2203 824 2269 pusslm,

182 2284 212 2329 Et
222 2282 315 2348 glaucas
324 2284 417 2342 salices,
425 2284 570 2350 casiamque,
580 2298 721 2347 crocumque
731 2282 871 2341 rubentem,

182 2365 212 2409 Et
221 2362 335 2427 pinguem
344 2362 431 2422 tiliam,
442 2376 465 2412 et
475 2363 617 2430 ferrugineos
627 2359 774 2428 hyacinthos.
831 2420 834 2425 ⁶

181 2441 299 2489 Omnibus
309 2458 357 2490 una
364 2443 432 2506 quies
442 2460 554 2507 operum,
563 2443 631 2491 labor
641 2428 756 2489 omnihus
761 2455 831 2488 unus.

180 2523 250 2568 Man&
259 2533 333 2567 ruunt
343 2522 429 2586 portis;
441 2525 558 2587 nusquhm
568 2538 633 2569 mora
645 2539 650 2567 :
660 2518 843 2569 rursusessdem

180 2601 270 2664 Vesper
280 2598 322 2646 uhi
332 2601 423 2664 cpastu
432 2601 527 2650 tandem
536 2600 646 2650 decedere
656 2597 744 2664 campis

89 2684 91 2689 '
180 2675 326 2735 Admonuit,
334 2674 387 2726 tum
397 2691 457 2728 tecta
466 2691 563 2745 petunt,
574 2675 733 2742 trim'corpora
743 2686 833 2724 curant.

181 2757 220 2805 Fit
229 2757 320 2806 sonitus
325 2792 332 2814 ,
342 2770 495 2823 mussantque
505 2775 557 2806 oras
567 2771 590 2807 et
599 2757 680 2806 limina
689 2757 790 2803 circum·

180 2836 248 2895 Post,
258 2835 301 2883 uhi
311 2834 359 2899 jam
369 2835 476 2884 thalamis
486 2854 510 2886 se
520 2838 683 2902 composuere,
695 2835 776 2882 siletur

180 2919 208 2963 ln
219 2925 325 2975 noctem,
335 2914 454 2982 fessosque
463 2933 533 2984 sopor
541 2932 599 2965 suus
606 2926 707 2980 occupat
715 2924 787 2962 artus.

166 3012 207 3047 .v.
228 3010 288 3061 ¹9⁰·
