1974 3772
348 259 474 308 munis.
496 262 562 308 nrn.
587 263 632 311 ve
815 277 863 325 ως
923 263 926 266 ·

126 365 270 425 Supponunt
279 357 318 405 alii
328 359 427 416 cultros,
437 357 590 422 tepidumque
600 375 707 406 cruorem

125 439 262 504 Suscipiunt
271 437 363 501 peteris.
373 441 426 502 lpse
436 438 479 484 etri
489 437 581 485 velleris
590 454 676 504 agnem

124 524 210 568 AEneas
218 517 288 565 matri
298 515 458 583 Eumenidum
466 532 604 583 magnusque
613 517 687 565 sorori

125 604 186 647 Ense
196 597 263 656 serit3
274 596 423 660 sterilemque
434 595 491 653 tibi,
501 598 653 663 Proserpina,
663 613 764 646 urceum.

124 676 187 728 Tum
195 676 276 742 Stygio
285 675 333 742 regi
344 687 469 723 nocturnes
479 673 574 724 inchoat
583 692 646 737 aree,

123 762 155 805 Et
164 756 238 804 solida
248 755 350 819 imponit
358 768 481 803 taururum
490 755 578 803 viscera
588 754 702 813 llemmie,

123 837 213 901 Pingue
224 850 293 898 super
303 819 383 882 oleum
392 833 519 882 infundens
530 835 666 884 ardentibus
674 837 738 883 extis.

162 918 223 962 Eece
233 925 324 970 eutem,
334 914 404 976 primi
415 913 461 961 sub
470 914 560 962 lumine
570 913 626 962 eolis
633 927 659 962 et
666 927 745 972 ortum,

123 993 173 1043 Sub
183 992 284 1057 pedihus
294 993 385 1057 mugire
394 993 483 1051 solum,
494 1004 518 1040 et
527 991 581 1058 juge
590 1005 668 1057 ooepte
676 996 765 1042 moveri

123 1073 253 1131 Silvarum,
263 1071 366 1136 visuque
376 1087 443 1118 onnes
452 1071 548 1119 ululare
553 1087 597 1135 per
605 1072 725 1130 umbram,

125 1152 273 1199 Adventante
283 1152 338 1198 Del.
349 1150 447 1207 Piocut,
458 1152 485 1208 ὁ,
494 1151 578 1213 procul
587 1163 648 1208 esee,
658 1148 764 1214 profani,

123 1231 259 1278 Conclemut
269 1241 345 1286 vetes,
356 1241 453 1294 totoque
463 1219 566 1277 obsistite
575 1230 635 1277 lueo.
756 1222 761 1233 ¹

122 1313 207 1374 Tuque
217 1308 386 1367 invidorum,
397 1308 528 1374 virgineque
538 1306 600 1373 eripe
610 1307 699 1356 ferrum
709 1327 715 1355 z
738 1314 742 1321 '

125 1391 192 1437 Nunc
201 1388 285 1436 animis
295 1404 366 1453 opus,
375 1391 462 1446 AEnee,
472 1404 536 1437 nunc
544 1400 638 1452 peetort
649 1384 723 1436 firnre.
785 1444 788 1449 ¹

122 1460 227 1516 Tantum
236 1465 316 1525 effato,
327 1465 407 1515 furens
416 1478 484 1515 antro
493 1483 517 1516 se
527 1467 624 1517 immisit
633 1479 714 1532 aperto
726 1484 732 1514 ε

123 1546 165 1594 llle
176 1545 260 1594 dueem
269 1543 334 1595 heud
344 1545 432 1596 timidis
444 1545 569 1594 vadentem
581 1545 688 1610 passibus
698 1556 782 1609 nequet

158 1625 293 1689 Di,quibus
299 1625 426 1688 imperium
430 1625 612 1683 estanimmtm,
618 1625 755 1688 umbrmque
761 1624 860 1686 silentes,

121 1707 152 1751 Et
161 1701 252 1764 chenu
262 1715 285 1752 et
294 1701 452 1770 Phlegethon,
462 1705 513 1752 loos
523 1716 591 1752 noete
601 1703 761 1761 strnue-late,

122 1783 156 1831 Sit
165 1779 226 1830 mihi
236 1779 270 1838 sss
278 1781 358 1831 audite
367 1783 446 1848 loqui,
457 1785 488 1832 sit
497 1783 683 1832 numine'veetro

122 1861 226 1910 Pandere
236 1878 272 1909 res
283 1861 329 1909 alte
338 1864 399 1910 terri
408 1874 431 1911 et
439 1863 536 1928 caligine
546 1878 639 1911 mersus.

161 1941 232 1988 Ibant
239 1940 332 1988 obscuri
343 1942 392 1989 solt
401 1941 448 1989 sub
456 1953 524 1990 nocte
532 1957 575 2007 per
584 1941 704 1999 umbram,

121 2023 212 2085 Perque
222 2019 305 2067 domos
315 2019 375 2067 Ditis
385 2037 483 2078 vacuas,
493 2033 516 2069 et
527 2021 604 2069 ineniu
614 2035 698 2085 regne:

122 2099 199 2164 Quale
208 2114 252 2162 per
260 2099 373 2147 incertam
381 2100 464 2151 lunum
474 2101 521 2149 sub
529 2100 581 2148 luoe
590 2100 692 2164 meligpd

122 2182 163 2227 Est
173 2179 217 2225 iter
227 2178 251 2226 in
261 2177 340 2238 siluis,
349 2179 393 2226 ubi
401 2179 489 2226 ooelum
498 2177 602 2227 condidit
612 2178 697 2226 umbri

122 2258 243 2322 luppiter,
253 2268 277 2304 et
286 2258 356 2304 rebus
367 2272 414 2304 nox
424 2257 521 2305 ebstrrlit
530 2269 579 2304 stru
589 2257 698 2306 colorem.

160 2321 313 2386 Vestibulum
322 2348 376 2384 unte
386 2329 474 2399 ipsrun,
484 2335 612 2400 primisque
623 2336 647 2383 in
658 2334 764 2385 saucibus
775 2337 840 2391 Orci,

123 2418 211 2462 Luctum
221 2425 245 2461 et
251 2414 348 2463 ultrices.
354 2417 453 2479 posuere
462 2416 549 2463 cubilia
559 2418 641 2476 Cusum

123 2492 283 2557 Pallentesque
292 2491 401 2542 habitent
411 2494 500 2553 Morbi,
511 2495 629 2558 tristisque
639 2490 761 2553 Sedenim,

121 2575 152 2621 Et
161 2575 252 2630 Metus,
263 2584 286 2620 et
294 2573 428 2622 meletuedu
437 2577 531 2634 Fames,
542 2586 564 2623 et
572 2575 648 2638 turpio
659 2577 766 2638 Egestae,

121 2650 246 2699 Terribiles
254 2651 307 2699 visu
317 2650 410 2711 formae;
421 2657 563 2716 letumque,
575 2653 712 2716 Ieh01que;

120 2731 184 2777 Tium
193 2730 380 2796 eonsenprineus
391 2733 442 2783 Leti
452 2735 539 2797 Sopor,
548 2745 571 2781 et
581 2733 641 2780 ruule
651 2731 736 2780 mentis

123 2808 230 2868 Gaudia,
240 2809 433 2874 mortiferumque
444 2811 541 2861 ndvereo
552 2814 576 2859 in
586 2812 667 2861 limine
677 2810 780 2866 Bellum,

122 2887 247 2953 Ferreique
257 2890 416 2939 Eumenidum
428 2889 538 2949 thalami,
548 2903 571 2938 ot
580 2889 698 2938 Discordia
710 2887 815 2946 dement,

123 2984 147 3018 v.
167 2968 229 3018 280.
