1974 3772
311 126 454 298 mu&
470 249 537 300 ΜΒ.
558 253 610 300 111.
790 252 837 303 263

17 410 23 423 Ι
97 351 229 416 Nunquam
238 347 323 396 deinde
331 364 388 411 cero
399 346 522 396 volitantia
531 349 646 413 prendere
656 367 725 412 texo,

96 435 146 480 Nec
156 444 264 478 revocare
274 427 343 492 sitias,
350 439 392 475 snt
402 424 498 493 jungere
508 429 611 477 carmine
620 441 693 479 curat

98 507 229 559 Inconsulti
239 507 338 571 abeunt,
348 508 474 570 sedemque
485 507 553 559 odere
563 508 666 573 sthyssae.

96 591 143 639 Hie
153 588 235 636 tibine
245 603 293 652 qun
302 602 373 635 morse
384 583 472 634 fuerint
481 585 603 652 dispendia
613 587 685 648 tanti,

98 666 216 734 Quemvis
225 666 367 731 increpitent
375 665 441 723 socii,
451 677 475 714 et
483 667 508 713 vi
518 683 600 715 cursus
610 667 635 715 iu
645 667 719 729 ultum

96 748 157 802 Vela
165 757 244 806 vocet,
252 745 376 812 possisque
385 746 451 804 sinus
461 745 559 810 implere
569 746 696 810 secundos,

11 864 15 870 .
99 825 166 890 Quin
176 825 245 874 adeas
254 836 343 884 vatem,
352 825 508 890 precibusque
519 824 612 873 oracula
620 840 715 889 poscas;

98 910 152 971 Ipsa
162 915 240 961 canat,
250 920 379 967 vocemque
391 904 471 952 volens
482 898 552 967 atque
562 921 602 951 ora
610 905 718 953 resolvat

10 999 22 1003 ··
98 985 141 1032 Illa
152 978 196 1032 tihi
206 983 277 1030 ltaliae
286 982 398 1047 populos,
410 995 555 1047 venturaque
564 983 639 1041 bella,

99 1067 130 1112 Et
139 1079 187 1127 quo
195 1077 314 1128 quemque
324 1061 395 1109 modo
406 1062 528 1126 fugiasque
539 1061 644 1126 ferasque
654 1061 758 1111 laborem

15 1203 18 1207 Ι
97 1141 223 1206 Expediet,
233 1157 363 1206 cursusque
373 1141 439 1189 dabit
449 1152 557 1191 venerata
568 1141 688 1191 secundos.

99 1225 155 1269 Haec
165 1233 220 1269 sunt
229 1236 283 1284 quae
294 1221 372 1270 nostrl
382 1219 449 1269 liceat
460 1231 482 1267 te
492 1236 549 1267 voce
559 1220 656 1267 moneri.

97 1300 165 1353 „Vade
174 1315 225 1365 nge,
235 1311 258 1347 et
268 1299 387 1364 ingentem
397 1296 463 1357 saetis
473 1298 507 1346 ser
517 1299 547 1346 ad
556 1296 642 1348 aethera
652 1297 754 1362 Troiam.

140 1381 200 1441 Quae
208 1381 336 1442 postquitm
345 1390 410 1426 rates
419 1379 451 1426 sic
462 1395 501 1427 ore
511 1378 594 1427 effatus
604 1379 678 1426 amico
688 1390 733 1439 est,

99 1461 167 1506 Dona
177 1455 261 1509 dehinc
271 1475 328 1521 euro
339 1459 427 1523 gravia,
438 1470 547 1522 sectoque
555 1455 694 1524 elephanto,

81 1524 84 1528 Ι
99 1541 202 1601 Imperat
212 1536 242 1584 ed
252 1553 323 1587 naves
333 1535 398 1595 ferri,
407 1537 525 1601 stipatque
533 1537 617 1584 oannis

99 1621 184 1681 Ingens
193 1627 324 1681 argentum,
335 1615 512 1680 Dodonaeosque
524 1616 620 1674 lebetas,

53 1715 56 1719 ·
99 1697 207 1744 [oricum
216 1707 346 1743 consertam
356 1692 432 1743 hamis
443 1711 546 1759 auroque
557 1693 665 1754 trilicem,

100 1779 130 1824 Et
140 1790 228 1822 conum
238 1758 333 1840 insignis
341 1776 421 1840 galee,
432 1763 699 1837 cristasquecomantet.

34 1890 37 1895 -
99 1854 172 1902 Arma
182 1853 329 1916 Neoptolemi
340 1866 410 1901 :sunt
421 1865 443 1901 et
453 1870 495 1901 sua
505 1853 566 1901 dona
574 1851 672 1917 parenti.

99 1933 174 1981 Addit
184 1947 269 1996 equos,
280 1931 390 1996 additque
401 1932 477 1980 duces.

11 2069 13 2073 Ι
99 2012 235 2076 Remigium
244 2011 352 2076 supplet5
363 2011 437 2059 socios
446 2011 517 2059 simul
527 2010 622 2058 instruit
632 2010 710 2074 ermis.
744 2055 747 2058 ,

139 2091 231 2138 Intereit
240 2091 336 2138 classem
346 2090 403 2138 velie
414 2102 493 2153 aptore
503 2088 601 2152 jubebat

99 2167 224 2226 Anchises,
234 2166 300 2217 ficret
309 2181 381 2216 vento
390 2185 457 2217 mora
467 2185 496 2216 ne
506 2186 553 2233 qua
563 2168 654 2217 serenti.

100 2253 181 2312 Quem
190 2246 274 2296 Phoebi
284 2249 398 2312 interpres
407 2249 482 2297 multo
493 2249 618 2312 compellat
628 2246 718 2296 honore
729 2264 735 2293 :

99 2325 229 2392 Coniugio,
238 2324 353 2385 Anchisa,
364 2328 462 2377 Veneris
472 2328 564 2392 dignate
575 2326 690 2391 superbo,

100 2408 162 2455 Cura
172 2409 260 2463 Deum,
268 2406 305 2454 his
316 2408 446 2472 Pergameis
457 2419 533 2472 erepte
544 2406 630 2463 ruinis,

101 2490 159 2534 Ecce
168 2485 212 2536 tihi
220 2486 331 2534 Ausoniae
342 2486 410 2535 tellus
422 2503 429 2547 ;
440 2485 500 2534 lanc
510 2486 585 2551 arripe
595 2485 660 2532 selis.

102 2569 131 2613 Et
141 2576 220 2614 tamen
230 2564 291 2613 hanc
300 2567 383 2631 pelago
393 2567 556 2630 praeterlabare
566 2580 657 2615 necesso
668 2576 709 2611 est.

101 2644 213 2692 Ausonias
222 2660 277 2709 pars
287 2644 326 2692 illa
336 2645 429 2710 procul,
441 2661 513 2710 quom
522 2644 605 2709 pandit
616 2643 710 2706 Apollo.

100 2723 176 2782 Vnde,
187 2723 230 2785 ait,
241 2722 320 2772 &felix
330 2726 379 2772 noti
389 2725 474 2789 pietate
486 2725 492 2772 Ι
504 2723 562 2787 quid
572 2723 634 2771 ultrh

101 2800 231 2861 Provehor,
242 2815 264 2852 et
274 2803 346 2852 lando
356 2818 476 2869 surgentes
486 2804 594 2852 demoror
604 2797 712 2851 otrsuos?

139 2884 187 2931 Nec
195 2882 274 2932 minus
285 2881 459 2958 Andromache,
469 2884 574 2951 digressu
583 2891 665 2931 moesto
677 2892 800 2943 supremo,

102 2979 125 3012 t.
144 2961 207 3026 482.
