1974 3772
297 223 511 273 surisnis.
532 226 578 273 ix.
759 226 808 290 309

67 325 140 374 Scissa
150 332 254 380 nomem,
264 339 345 373 muros
355 339 435 372 umens
445 335 516 388 stqrm
526 325 618 389 sgsnins
628 339 699 372 cursu

67 405 145 452 Primo
154 403 213 468 petit
224 420 230 449 :
242 418 290 450 non
300 402 339 450 ills
349 402 441 460 virum,
451 419 500 450 non
510 402 550 450 ills
559 401 653 467 pericli,

66 483 225 545 Telorumque
234 496 337 541 memor3
348 482 435 529 ooelum
443 479 527 531 dehinc
537 481 659 547 questibus
669 482 751 546 implet
761 501 767 529 ι

67 566 137 610 Hunc
147 576 190 625 ego
200 572 236 619 te,
246 561 361 629 Euryale,
372 558 476 625 aspicio?
486 571 556 619 tune,
566 561 606 608 ills
616 573 714 610 senectus

67 643 122 694 Sere
132 655 190 687 mess
199 637 308 703 requies?
318 639 417 704 potuisti
427 639 533 702 linquere
543 640 634 710 solam„

66 715 191 783 Crudelis?
202 733 245 766 nec
254 730 290 776 te,
300 718 346 766 sub
356 730 420 766 tants
428 718 532 782 pericula
541 720 649 777 missum,

67 796 141 845 Affari
151 798 281 845 extremum
290 798 380 845 missrae
389 797 444 846 dats
452 797 519 862 sopio
526 795 614 846 matri?

66 868 134 924 Heu!
146 879 206 924 terri
216 863 306 940 ignoti,
316 876 414 925 canibus
424 877 478 925 dete
487 877 566 941 praedu
577 876 667 926 lissinis

67 955 230 1020 nutibusque,
241 953 314 1018 jaces!
326 972 369 1021 nec
378 968 414 1016 te,
424 967 465 1003 tus
475 955 569 1015 funera,
578 966 654 1005 mater

67 1035 182 1092 Produxi,
192 1034 295 1098 pressive
305 1024 398 1092 oculos,
409 1046 450 1082 aut
459 1035 557 1082 vulnera
566 1034 627 1091 lavi,

65 1118 137 1166 „Veste
148 1126 240 1178 tegens,
250 1113 293 1160 tibi
304 1130 376 1176 quum
387 1124 465 1160 noctes
476 1112 557 1159 festina
568 1111 665 1175 diesque

67 1193 198 1256 Urgeham‚
210 1202 233 1238 et
242 1192 288 1240 teli
298 1208 365 1240 curas
374 1191 466 1250 solabar
476 1190 562 1238 aniles!

68 1273 125 1336 Qud
134 1268 235 1334 sequar?
247 1282 287 1319 aut
296 1286 349 1334 quae
360 1287 423 1319 nunc
433 1281 510 1328 artus,
520 1269 648 1332 avulsaque
658 1270 777 1328 membra,

68 1355 99 1398 Et
107 1350 180 1398 funus
189 1350 292 1398 lacerum
301 1350 370 1399 tellus
380 1346 468 1407 hebet?
479 1346 524 1397 hoc
534 1346 593 1396 mihi
603 1348 675 1408 dete,
692 1374 695 1385 ·

67 1432 138 1488 Nate,
147 1425 236 1477 refers?
245 1425 354 1478 bocsum
362 1431 469 1492 terreque
477 1428 584 1492 marique
594 1423 691 1476 secuta?

67 1509 202 1573 ligitime,
212 1509 232 1555 si
242 1524 289 1571 qua
299 1519 334 1556 est
343 1508 430 1572 pietss;
441 1508 465 1554 in
475 1523 513 1555 me
523 1505 601 1554 omnia
614 1506 660 1555 tels

66 1584 192 1650 Coniicste,
202 1586 217 1632 ὃ
227 1586 324 1645 Rutuli;
335 1602 373 1633 me
383 1586 482 1650 primam
493 1585 609 1633 absumite
619 1584 687 1632 forro.

66 1659 117 1713 ¹Aut
125 1677 165 1723 tu,
175 1681 259 1730 magne
269 1668 337 1712 Pater
347 1665 434 1712 Divum
441 1699 447 1721 ‚
455 1666 576 1722 miserere,
587 1674 675 1728 tuoque
740 1705 743 1713 .

68 1745 176 1792 Invisum
186 1742 231 1792 hoc
241 1742 339 1791 detrude
349 1754 420 1806 caput
428 1743 474 1790 sub
484 1753 568 1790 tsrtsru
580 1742 640 1799 telo,
722 1771 725 1776 -

69 1823 172 1888 Quando
182 1814 248 1869 aliter
259 1837 350 1886 nequeo
360 1822 478 1870 crudelem
488 1820 627 1884 obrumpere
638 1817 717 1868 vitam.

108 1905 158 1950 Hoc
168 1900 225 1949 fletu
235 1901 341 1950 concussi
351 1900 435 1959 enimi,
446 1913 590 1965 moestusque
600 1915 643 1966 per
652 1915 733 1948 omnes

67 1984 90 2028 lt
99 1979 214 2045 gemitus:
225 1992 320 2045 torpent
329 1979 432 2030 infractos
442 1981 472 2030 ad
481 1979 561 2047 puelia
571 1982 639 2031 vires.

68 2059 136 2107 Illam
145 2059 309 2108 incendentem
318 2062 395 2110 luctus
405 2061 481 2109 ldaeus
491 2072 515 2109 et
526 2060 608 2118 teor,

17 2194 25 2207 .
68 2137 150 2186 Ilionei
159 2140 252 2187 monitu
260 2151 283 2187 et
292 2141 395 2188 multinn
405 2141 555 2206 lscrymsmis
565 2130 625 2210 iuli,

67 2218 217 2281 Corripiunt,
228 2218 334 2282 interque
343 2235 429 2266 munus
437 2219 483 2266 sub
491 2229 550 2266 tecte
560 2228 684 2282 reponunt.

91 2336 93 2341 .
107 2296 139 2343 At
150 2295 207 2343 tuba
216 2295 345 2344 terribilem
354 2297 458 2347 sonitum
467 2297 550 2360 procul
560 2312 604 2344 sere
614 2313 700 2344 canoro

67 2375 188 2440 Increpuit
199 2393 204 2421 :
215 2375 321 2438 sequitur
330 2376 429 2435 clamor,
440 2376 573 2439 ‹ioelumqus
583 2375 692 2440 remugit.

68 2453 216 2511 Accelerant‚
227 2458 278 2503 sctis
287 2455 374 2518 pariter
383 2455 512 2513 testudine,
522 2455 614 2512 Volsci,

69 2537 99 2580 Et
110 2532 182 2580 fossas
192 2534 288 2597 implere
298 2547 395 2599 parant,
406 2551 432 2583 ac
443 2533 527 2582 vellere
535 2534 631 2582 vellunt

69 2615 187 2674 Quaerunt
196 2629 250 2677 pars
260 2613 362 2674 aditum,
371 2626 394 2662 st
403 2614 470 2662 scalis
479 2614 602 2662 ascendere
611 2628 705 2670 muros,

69 2693 124 2753 Qui
134 2707 185 2738 rara
195 2703 230 2740 est
239 2693 311 2748 ecies,
321 2693 491 2756 interlucetque
498 2709 584 2741 corone

68 2772 122 2817 Nou
133 2772 181 2817 ttm
190 2773 262 2835 spissa
273 2771 336 2819 viris.
346 2772 458 2820 Telorum
466 2772 585 2821 effundere
595 2772 677 2819 contri

67 2851 145 2897 Omne
154 2865 227 2913 genus
237 2852 333 2911 Teucri,
343 2868 369 2902 uc
379 2851 443 2899 duris
453 2851 575 2901 detrudere
586 2849 673 2908 contis,

69 2945 94 2977 v.
114 2926 175 2979 510.
