1974 3772
248 270 462 343 'nuconrcn
483 271 637 318 Eunoen
660 275 737 319 n.¹
807 274 839 324 31
913 270 917 276 ’

101 375 156 420 Jcm
164 357 225 417 mihi
233 382 276 431 per
285 383 356 431 rupes
366 353 458 426 videor,
469 365 581 431 lucosque
591 380 699 418 sonantes
736 368 739 372 ’
832 361 839 367 ’

102 453 152 507 1re;
163 447 221 495 libet
231 443 317 493 Partho
324 458 436 510 torquere
446 445 552 510 Cydonia
562 463 636 495 cornu

102 527 198 592 Spicula
206 543 212 572 :
221 537 334 589 tanquam
344 522 394 572 haec
402 524 449 572 sint
458 526 531 572 nostri
540 526 655 574 medicina
664 525 762 586 frueris,
818 530 820 534 ’

102 607 152 654 Aut
161 609 226 653 Dens
236 603 275 651 ille
284 603 351 651 melis
361 602 486 651 hominum
495 605 613 652 mitescere
623 604 708 653 discet!
753 640 756 645 .
802 644 804 648 .

99 688 155 733 Jam
164 698 243 746 nequc
252 681 427 748 Hamadryades
434 685 541 740 rursum,
550 700 592 731 nec
602 686 704 733 carmina
714 685 782 733 nohis

102 767 156 827 Ipse
165 762 260 826 placent
270 779 276 807 ε
287 761 344 824 ipsae
353 762 447 808 rursum
457 761 575 810 concedite
589 762 660 811 silves.

102 845 156 890 Non
165 840 236 887 illum
245 839 318 887 nostri
327 837 426 903 possunt
435 849 526 888 mutare
536 840 628 888 labores
636 839 645 900 ;ἷ

102 923 149 969 Nec
159 919 179 967 si
189 917 315 983 frigoribus
324 915 406 965 mediis
417 919 570 982 Hebrumque
579 919 702 978 bibamus,

100 996 267 1060 Sithoniasque
278 998 343 1043 nives
357 994 440 1042 hiemis
451 997 576 1045 subeamus
585 1015 692 1062 equosae5

102 1079 149 1125 Nec
158 1065 192 1132 si,
202 1077 258 1123 cum
267 1075 369 1123 moriens
378 1075 424 1122 alst
433 1075 493 1122 liber
502 1087 551 1124 crct
560 1076 585 1123 in
594 1077 674 1136 ulmo,

101 1151 243 1218 'Ethiopum
252 1169 371 1200 versemus
378 1170 434 1200 oves
444 1154 489 1201 sub
499 1154 572 1201 sidere
582 1155 672 1202 Cancri.

100 1233 188 1282 Omnis
199 1232 273 1279 vincit
281 1231 367 1290 Amor,
376 1244 399 1280 ct
412 1249 454 1279 nos
464 1232 573 1280 cedemus
583 1233 671 1280 Amori.

118 1304 122 1311 ’
140 1316 197 1359 Haec
207 1323 242 1359 sat
252 1311 308 1367 crit,
319 1310 394 1368 Divae,
404 1322 510 1359 vestrum
518 1311 627 1359 cecinisse
636 1313 741 1375 poetam,

102 1392 166 1438 Dum
175 1389 252 1447 sedet,
263 1400 286 1436 et
296 1389 374 1453 gracili
385 1386 494 1437 fiscellam
504 1391 560 1438 texit
569 1387 672 1449 hibisco,

101 1468 216 1518 Pierides:
226 1483 269 1516 vos
278 1465 328 1515 haec
339 1465 424 1516 facietis
434 1469 534 1517 maxima
545 1469 629 1530 Gnll03

102 1548 172 1595 Gallo
182 1544 251 1609 cujus
261 1562 327 1594 emor
336 1549 429 1594 tantum
437 1545 496 1594 mihi
507 1547 586 1595 crescit
596 1546 621 1594 in
631 1543 710 1607 hores,

102 1627 228 1690 Quantum
235 1640 290 1673 vere
300 1641 362 1673 novo
372 1625 452 1673 viridis
462 1641 486 1673 se
496 1623 590 1688 subjicit
600 1626 674 1674 alnus.
740 1618 744 1627 ’

140 1706 269 1769 Ssugemus
278 1721 284 1753 t
295 1703 352 1752 sciet
361 1720 409 1752 esse
418 1704 494 1769 gravis
504 1704 652 1752 cantantibus
661 1709 759 1764 umbrs5

86 1820 93 1843 Α,
100 1782 209 1847 Junipen'
218 1783 296 1848 gravis
304 1783 389 1832 umbra
398 1800 403 1830 :
414 1794 499 1830 nocent
508 1795 531 1831 ct
540 1781 647 1847 frugibus
656 1782 754 1831 umbrae.

100 1865 136 1910 Its
145 1862 245 1911 domum
254 1858 350 1922 seturae,
360 1862 425 1911 venit
435 1866 565 1928 Hesperus,
575 1862 619 1921 its,
628 1862 729 1926 capellus.
