1974 3772
201 223 237 287 48
406 223 536 270 PUBLH
556 223 728 274 VIRGILII

200 317 340 387 Infindunt!
352 319 438 368 sistunt
447 335 539 378 amnes,
553 333 666 385 tumque
675 312 825 383 ‹lehiscunt3¹

201 402 231 448 Et
239 411 351 449 moestum
358 399 489 465 illacrymat
499 400 592 464 templis
602 400 673 458 ebur,
683 416 775 466 escaque
786 401 882 453 sudant.

200 479 291 527 Proluit
301 479 382 527 insano
392 491 549 542 contorquens
559 479 644 527 vertice
656 479 727 530 silvas

201 558 341 605 fluviorum
350 573 391 604 rex
399 556 528 614 Eridanus,
538 573 679 621 camposque
689 575 731 621 per
740 571 822 608 omnes

200 637 262 684 Cunt
272 635 370 683 stabulis
380 647 484 683 nimenta
494 635 555 684 tulit
566 639 613 685 Nec
623 648 727 700 tempore
737 637 822 687 eodem

155 707 158 713 ’
200 714 316 762 Tristibus
326 726 367 762 aut
377 714 435 762 extis
445 709 511 762 fibra
521 730 631 778 apparere
641 716 755 774 minaces,

200 793 249 841 Aut
259 792 337 856 puteis
347 808 441 841 manare
450 809 519 841 cruor
528 792 637 853 cenavit,
647 804 670 841 et
680 795 733 841 altas

200 873 244 919 Par
255 883 347 918 noctem
356 887 463 920 resonare
473 871 536 935 lupis
548 871 695 919 ululantibus
703 871 781 921 urbes.

200 952 254 998 Non
264 949 319 997 aliis
329 950 388 997 ooelo
399 949 531 997 ceciderunt
540 951 609 1013 plura
619 965 700 999 sereno

200 1029 317 1093 Fulgura,
327 1044 371 1076 nec
380 1028 425 1076 diri
435 1028 503 1076 toties
513 1031 587 1076 arsere
597 1039 699 1077 cometae.
716 1068 719 1074 .

241 1109 303 1171 Ergo
312 1107 372 1155 inter
384 1121 433 1155 sese
443 1105 539 1170 paribus
549 1122 685 1155 concurrere
696 1107 748 1155 telis

201 1187 319 1234 Romanas
328 1185 387 1233 acies
397 1185 483 1233 iteriim
493 1185 571 1233 videre
581 1184 700 1248 Philippu

200 1266 249 1312 Nec
258 1262 304 1312 fuit
314 1264 437 1330 iudignum
446 1265 540 1327 Superis
550 1265 587 1312 bis
596 1263 708 1329 sanguine
717 1277 796 1314 nostro

200 1341 335 1390 Emathiam
344 1354 368 1390 et
376 1343 436 1390 latos
444 1342 520 1388 flaemi
529 1342 679 1406 pinguescere
687 1358 790 1407 campos.

200 1420 292 1470 Scilicet
301 1432 325 1469 et
334 1432 427 1484 tempus
437 1419 516 1468 veniet
523 1422 580 1469 elim
587 1415 675 1469 finibus
686 1421 731 1469 illis

200 1498 321 1566 Agricola,
329 1499 428 1548 incurvo
438 1511 524 1548 tetram
532 1499 629 1547 molitus
639 1510 728 1553 aratro.

200 1581 275 1628 Fuesa
284 1577 388 1627 inveniet
397 1577 478 1627 scabre
486 1577 593 1644 mbigine
603 1579 665 1644 pila,

201 1655 251 1706 Aut
259 1656 370 1724 gravibus
380 1657 459 1707 rastris
468 1657 544 1724 'galeas
554 1658 658 1721 pulsabit
668 1657 762 1715 inanes,

201 1736 358 1801 Grandinque·
364 1735 452 1787 effossis
462 1736 586 1785 mirabitur
597 1752 649 1784 ossa
658 1735 777 1800 sepulcris.

242 1816 271 1862 Di
281 1816 351 1879 patrii
361 1816 488 1882 Indigetes,
498 1827 522 1863 et
532 1815 644 1875 Romule,
653 1818 771 1877 Vestaque
780 1826 868 1875 mater,
883 1872 886 1878 .

202 1898 265 1958 Ques
272 1893 394 1943 Thuscutti
402 1895 519 1952 Tiberim,
533 1905 556 1941 et
566 1897 672 1942 Romana
681 1891 767 1957 palatia
777 1908 869 1952 servas,

200 1975 273 2020 Hunc
281 1971 363 2020 saltem
372 1987 453 2021 everso
463 1970 573 2034 juvenem
581 1987 714 2020 succunere
722 1971 782 2018 seclo

201 2052 236 2100 lle
246 2047 382 2114 prohibete!
393 2051 449 2099 satis
459 2048 597 2115 jampridem
606 2051 719 2116 sangiune
730 2061 810 2098 nostro
838 2100 841 2105 ,
879 2066 890 2108 ,’

202 2127 380 2178 Laomedonteae
390 2130 478 2178 luimus
488 2129 591 2194 perjuria
599 2127 683 2192 Trojts.

201 2206 346 2271 iampridem
356 2207 424 2257 nobis
432 2208 486 2258 ooeli
496 2221 519 2256 te
528 2207 604 2274 regia,
612 2210 699 2271 Caesar,

202 2285 307 2344 Invidet,
318 2298 388 2352 atque
397 2284 524 2335 bominum
532 2288 638 2351 quatitur
645 2299 725 2334 curare
734 2272 876 2350 triumpiios.

203 2364 300 2428 Quippe
309 2364 352 2413 ubi
363 2361 396 2413 fas
406 2381 501 2414 versum
511 2377 580 2431 atque
593 2365 669 2422 nefas,
678 2376 714 2412 tot
723 2363 785 2412 bella
793 2380 836 2429 per
845 2363 938 2434 orbem,

202 2443 261 2490 Tam
268 2443 350 2493 multas
360 2442 474 2497 scelerum
483 2444 552 2492 facies
563 2463 568 2491 :
578 2460 628 2494 non
637 2444 701 2493 ullus
710 2453 786 2491 aratro
821 2483 824 2489 .

203 2520 294 2586 Dignus
303 2518 392 2582 honos,
403 2522 511 2585 sqtsalem
521 2522 626 2575 abductis
637 2539 691 2575 arva
701 2521 803 2578 colonis,

203 2602 235 2648 Et
243 2613 321 2647 curvas
331 2599 434 2666 rigidum
441 2596 509 2649 falces
519 2601 652 2653 conflantur
662 2602 686 2649 iu
695 2615 782 2649 ensem.

202 2677 266 2727 Hinc
274 2689 354 2727 movet
364 2675 508 2744 Euphrates,
521 2679 719 2731 illinc'Geamania
728 2677 819 2728 bellum
830 2694 836 2725 ε

203 2755 305 2816 Vteinoe,
315 2757 391 2822 rl'tptis
399 2756 460 2808 inter
469 2772 494 2805 se
501 2757 606 2824 legibus,
619 2758 691 2808 urbes

202 2833 276 2886 'bima
286 2834 365 2895 sorum
375 2854 382 2887 ε
392 2837 459 2893 seivit
468 2846 519 2886 toto
528 2841 591 2889 Mars
600 2837 687 2905 impius
697 2835 761 2888 orbs.

204 2929 232 2966 V·
247 2911 280 2968 51
290 2934 319 2968 lt*
