1974 3772
151 247 207 314 tto
360 247 490 297 runnu
509 245 683 300 vrrcrnrr

151 352 223 399 Tem
232 341 310 395 mihi?
320 348 370 397 Vos
380 347 395 395 6
403 345 484 411 potius
493 334 644 404 miserante,
654 346 740 405 venti:
839 375 849 385 ·

150 431 181 481 ln
190 441 272 492 rupes,
281 425 307 474 in
316 440 370 475 saxa
381 424 478 490 (rolens
488 441 531 472 vos
539 429 635 473 Turnus
644 425 736 491 auom)

150 509 221 556 Ferte
231 518 317 564 ratem,
328 504 442 569 serisque
452 503 518 552 vadis
528 504 748 570 immittitesyrtss,

152 586 209 648 Qui
218 600 294 648 neque
303 599 342 631 me
352 582 446 641 Rutuli,
456 598 534 648 neque
543 583 634 631 conscia
643 584 707 631 fama
715 598 842 651 sequatur„

134 678 138 687 “
151 667 207 713 Huc
216 669 361 721 memoratis,
371 661 450 710 animo
459 679 523 710 nunc
530 659 578 710 hire
588 677 653 710 nune
662 661 766 712 fluctuat
775 664 833 715 illue
842 682 849 711 τ

86 781 89 784 .
149 743 190 790 Δρ
200 756 249 790 sese
258 756 372 790 munuae
381 741 414 789 oh
425 751 516 789 tantum
526 739 627 789 dedecus
637 757 719 791 amens

150 821 249 878 Indum,
258 830 282 868 et
287 819 391 869 crudum
400 835 443 884 per
452 831 527 868 oostas
536 819 612 885 exigat
621 834 717 883 ensem

151 885 274 949 nuntiis
283 915 315 947 an
323 896 392 963 jaciet
400 898 497 957 mediis,
507 910 531 947 et
540 899 618 947 littora
628 897 709 946 nando

149 980 229 1028 Curva
239 989 316 1043 petat,
326 980 491 1042 Teucrumque
501 977 587 1026 iterum
596 993 621 1025 se
631 977 714 1026 reddat
722 977 749 1027 in
759 995 832 1029 arma.

148 1062 196 1106 Ter
205 1069 303 1106 eonatus
312 1069 438 1122 utramque
448 1056 512 1105 riam
522 1074 528 1103 :
539 1068 575 1105 ter
583 1056 685 1104 maxima
696 1060 763 1126 June

150 1137 287 1196 Continuit,
297 1134 455 1202 juvenemque
465 1136 538 1184 animi
547 1137 654 1185 miserata
664 1139 784 1201 repressit

150 1215 250 1266 Libitur
260 1215 305 1264 alta
316 1232 408 1276 secans,
417 1214 539 1280 fluctuque
549 1227 655 1279 aestuque
665 1216 787 1279 seeund03

150 1297 181 1345 Et
190 1296 265 1361 patris
273 1295 394 1360 antiquam
403 1295 482 1343 Dauni
490 1293 594 1342 defertur
602 1294 632 1342 ad
641 1294 736 1343 urbem.

189 1373 222 1423 At
231 1365 297 1423 toris
306 1374 394 1422 interei
403 1373 498 1421 monitis
508 1372 638 1427 Menenius
648 1372 737 1446 ardena·

107 1470 110 1474 ’
149 1442 257 1502 Succedit
266 1467 365 1519 pugnae,
374 1456 525 1518 Teucrosque
533 1451 624 1501 invadit
633 1465 740 1502 orantes

149 1532 300 1581 Concurrunt
308 1529 438 1598 Tyrrhena
448 1514 519 1591 miss,
530 1542 601 1595 atque
610 1531 724 1581 omnibus
734 1534 793 1593 uni,

148 1611 198 1658 Uni
207 1609 314 1675 odiisque
324 1611 375 1659 viro
385 1602 483 1676 telisque
493 1608 656 1678 frequentibus
667 1611 764 1662 instant

149 1689 204 1748 Ille,
214 1689 280 1738 velut
287 1705 359 1756 mpes
369 1701 461 1740 vastum
469 1705 522 1754 quas
531 1689 610 1755 prodit
620 1691 644 1738 in
655 1704 751 1756 aequor,

147 1768 226 1822 ,Obvia
235 1781 362 1818 ventorum
371 1767 451 1828 furiis,
461 1780 606 1835 expostaque
616 1780 704 1835 ponto,
738 1782 742 1791 “

148 1849 205 1903 Vim
215 1860 324 1898 cunctam
333 1861 403 1914 atque
412 1850 492 1899 minas·
497 1848 584 1914 perfert
594 1850 695 1915 caelique
703 1850 837 1917 marisque,

148 1932 202 1993 Ipsa
211 1927 309 1977 immota
317 1944 426 1989 manens;
436 1928 528 1995 pmlem
537 1928 671 1978 Doliaannis
680 1929 790 1989 Hebrum

146 2006 235 2056 Sternit
245 2005 322 2066 humi,
331 2021 385 2055 cum
395 2024 443 2071 quo
453 2012 577 2074 Latagum,
587 2008 745 2073 Palmumque
754 2007 872 2075 fugacem:

147 2084 193 2134 sed
203 2089 317 2150 Latagum
328 2101 382 2133 saxo
392 2097 463 2152 atque
473 2088 562 2154 ingenti
572 2085 685 2153 fragmine
695 2081 785 2138 montis

145 2167 253 2229 Occupat
263 2181 289 2212 os
298 2164 428 2230 faciemque
439 2166 560 2215 adversam
570 2186 576 2214 :
585 2167 676 2233 poplite
686 2167 798 2215 Palmum

146 2244 240 2293 Succiso
250 2244 315 2292 volvi
325 2261 420 2311 segnem
430 2246 496 2304 sinit,
508 2255 619 2311 armaque
629 2249 710 2307 Lause
727 2277 729 2282 ·

147 2326 225 2372 Donat
232 2320 320 2372 habere
327 2322 445 2383 humeris,
454 2337 477 2373 et
487 2326 573 2374 vertice
583 2323 652 2389 figere
662 2324 752 2374 cristas.

146 2405 193 2451 Nec
204 2419 252 2450 non
261 2406 377 2451 Evantem
386 2402 529 2470 Phrygium,
537 2404 674 2468 Paridisque
684 2404 801 2452 Mimanta

145 2482 270 2547 AEqnalem
279 2483 447 2547 comitemque,
458 2486 506 2531 uni
515 2499 586 2547 quem
597 2494 665 2532 noete
675 2481 777 2531 Theano

146 2565 174 2608 ln
184 2561 261 2608 lucem
271 2561 371 2626 genitori
379 2562 470 2627 Amyco
481 2563 557 2622 dedit,
568 2575 591 2610 et
600 2563 649 2610 face
659 2576 787 2626 praegnans

145 2641 229 2688 Cisseis
240 2641 319 2706 regina
329 2642 398 2688 Parin
408 2660 413 2688 :
424 2642 488 2689 Paris
498 2642 557 2690 urbe
567 2645 664 2705 paterni

145 2720 263 2778 Occubat‚
274 2719 382 2784 ignarum
392 2725 496 2768 Laurens
506 2719 577 2769 habet
587 2736 628 2767 ora
638 2719 761 2768 Mimanta.

145 2799 180 2846 Ae
189 2800 256 2846 velut
265 2799 305 2848 ille
315 2816 400 2847 canum
408 2815 489 2846 morsu
499 2799 528 2847 de
537 2798 659 2847 montibus
670 2798 723 2846 altis

145 2878 218 2926 Actus
226 2894 282 2946 aper
287 2915 294 2940 ,
304 2878 392 2927 multos
401 2878 504 2933 Vesulus
513 2895 585 2944 quem
595 2877 682 2944 pinifer
692 2893 768 2926 annos

145 2976 169 3008 r.
190 2960 252 3023 708.

19 3380 238 3528 w.
