<?xml version="1.0" encoding="UTF-8"?>
<!DOCTYPE html PUBLIC "-//W3C//DTD XHTML 1.0 Transitional//EN"
    "http://www.w3.org/TR/xhtml1/DTD/xhtml1-transitional.dtd">
<html xmlns="http://www.w3.org/1999/xhtml" xml:lang="en" lang="en">
 <head>
  <title>
</title>
<meta http-equiv="Content-Type" content="text/html;charset=utf-8" />
  <meta name='ocr-system' content='tesseract 3.04.00' />
  <meta name='ocr-capabilities' content='ocr_page ocr_carea ocr_par ocr_line ocrx_word'/>
</head>
<body>
  <div class='ocr_page' id='page_1' title='image "./bucolicageorgic01virggoog_0371.png"; bbox 0 0 1974 3772; ppageno 0'>
   <div class='ocr_carea' id='block_1_1' title="bbox 130 237 663 290">
    <p class='ocr_par' dir='ltr' id='par_1_1' title="bbox 130 237 663 290">
     <span class='ocr_line' id='line_1_1' title="bbox 130 237 663 290; baseline -0.004 -1"><span class='ocrx_word' id='word_1_1' title='bbox 130 237 183 290; x_wconf 75' lang='grc'><strong>380</strong></span> <span class='ocrx_word' id='word_1_2' title='bbox 341 238 472 286; x_wconf 83' lang='lat' dir='ltr'><strong>PUBLll</strong></span> <span class='ocrx_word' id='word_1_3' title='bbox 490 238 663 290; x_wconf 76' lang='lat' dir='ltr'><strong>vmctnn</strong></span> 
     </span>
    </p>
   </div>
   <div class='ocr_carea' id='block_1_2' title="bbox 19 335 843 3012">
    <p class='ocr_par' dir='ltr' id='par_1_2' title="bbox 128 335 697 481">
     <span class='ocr_line' id='line_1_2' title="bbox 128 335 697 394; baseline 0 -8"><span class='ocrx_word' id='word_1_4' title='bbox 128 337 256 394; x_wconf 76' lang='lat' dir='ltr'><strong>Incertam,</strong></span> <span class='ocrx_word' id='word_1_5' title='bbox 267 347 290 386; x_wconf 88' lang='lat' dir='ltr'><strong>et</strong></span> <span class='ocrx_word' id='word_1_6' title='bbox 299 336 359 385; x_wconf 82' lang='lat' dir='ltr'><strong>tristi</strong></span> <span class='ocrx_word' id='word_1_7' title='bbox 368 336 488 385; x_wconf 75' lang='lat' dir='ltr'><strong>turbatam</strong></span> <span class='ocrx_word' id='word_1_8' title='bbox 497 335 595 384; x_wconf 82' lang='lat' dir='ltr'><strong>vulnere</strong></span> <span class='ocrx_word' id='word_1_9' title='bbox 603 337 697 386; x_wconf 81' lang='lat' dir='ltr'><strong>mentis.</strong></span> 
     </span>
     <span class='ocr_line' id='line_1_3' title="bbox 168 415 623 481; baseline -0.004 -16"><span class='ocrx_word' id='word_1_10' title='bbox 168 417 258 465; x_wconf 75' lang='lat' dir='ltr'><strong>Intenti</strong></span> <span class='ocrx_word' id='word_1_11' title='bbox 268 431 345 481; x_wconf 82' lang='lat' dir='ltr'><strong>reges,</strong></span> <span class='ocrx_word' id='word_1_12' title='bbox 355 415 444 480; x_wconf 81' lang='lat' dir='ltr'>ingenti</span> <span class='ocrx_word' id='word_1_13' title='bbox 453 416 515 465; x_wconf 90' lang='lat' dir='ltr'><strong>mole</strong></span> <span class='ocrx_word' id='word_1_14' title='bbox 525 416 623 463; x_wconf 74' lang='lat' dir='ltr'><strong>Latinus</strong></span> 
     </span>
    </p>

    <p class='ocr_par' dir='ltr' id='par_1_3' title="bbox 127 493 741 798">
     <span class='ocr_line' id='line_1_4' title="bbox 129 493 741 561; baseline 0.002 -16"><span class='ocrx_word' id='word_1_15' title='bbox 129 493 278 561; x_wconf 69' lang='lat' dir='ltr'><strong>Quadriiugo</strong></span> <span class='ocrx_word' id='word_1_16' title='bbox 287 493 383 543; x_wconf 84' lang='lat' dir='ltr'><strong>vehitur</strong></span> <span class='ocrx_word' id='word_1_17' title='bbox 391 511 474 552; x_wconf 81' lang='lat' dir='ltr'><strong>ctum,</strong></span> <span class='ocrx_word' id='word_1_18' title='bbox 484 494 523 542; x_wconf 90' lang='lat' dir='ltr'><strong>cui</strong></span> <span class='ocrx_word' id='word_1_19' title='bbox 533 506 639 560; x_wconf 81' lang='lat' dir='ltr'><strong>tempora</strong></span> <span class='ocrx_word' id='word_1_20' title='bbox 648 495 741 546; x_wconf 82' lang='lat' dir='ltr'><strong>circum</strong></span> 
     </span>
     <span class='ocr_line' id='line_1_5' title="bbox 128 571 618 647; baseline -0.006 -23"><span class='ocrx_word' id='word_1_21' title='bbox 128 576 212 647; x_wconf 70' lang='lat' dir='ltr'><strong>dursti</strong></span> <span class='ocrx_word' id='word_1_22' title='bbox 221 575 258 623; x_wconf 87' lang='lat' dir='ltr'><strong>bis</strong></span> <span class='ocrx_word' id='word_1_23' title='bbox 268 589 308 623; x_wconf 80' lang='lat' dir='ltr'><strong>sex</strong></span> <span class='ocrx_word' id='word_1_24' title='bbox 316 574 375 622; x_wconf 80' lang='lat' dir='ltr'><strong>radii</strong></span> <span class='ocrx_word' id='word_1_25' title='bbox 384 571 498 639; x_wconf 72' lang='lat' dir='ltr'><strong>firlgcntie</strong></span> <span class='ocrx_word' id='word_1_26' title='bbox 506 574 618 638; x_wconf 83' lang='lat' dir='ltr'><strong>cingunt,</strong></span> 
     </span>
     <span class='ocr_line' id='line_1_6' title="bbox 128 653 700 720; baseline -0.003 -16"><span class='ocrx_word' id='word_1_27' title='bbox 128 655 187 704; x_wconf 83' lang='lat' dir='ltr'><strong>Solis</strong></span> <span class='ocrx_word' id='word_1_28' title='bbox 198 655 236 702; x_wconf 83' lang='lat' dir='ltr'><strong>evi</strong></span> <span class='ocrx_word' id='word_1_29' title='bbox 244 653 361 720; x_wconf 81' lang='lat' dir='ltr'>specimen</span> <span class='ocrx_word' id='word_1_30' title='bbox 372 671 377 700; x_wconf 94' lang='lat'><strong>:</strong></span> <span class='ocrx_word' id='word_1_31' title='bbox 388 653 449 718; x_wconf 76' lang='lat' dir='ltr'><strong>bigis</strong></span> <span class='ocrx_word' id='word_1_32' title='bbox 459 654 477 700; x_wconf 94' lang='lat' dir='ltr'><strong>it</strong></span> <span class='ocrx_word' id='word_1_33' title='bbox 486 657 582 700; x_wconf 87' lang='lat' dir='ltr'><strong>Turnus</strong></span> <span class='ocrx_word' id='word_1_34' title='bbox 592 653 617 702; x_wconf 91' lang='lat' dir='ltr'><strong>in</strong></span> <span class='ocrx_word' id='word_1_35' title='bbox 627 653 700 713; x_wconf 76' lang='lat' dir='ltr'><strong>albis,</strong></span> 
     </span>
     <span class='ocr_line' id='line_1_7' title="bbox 127 724 617 798; baseline -0.006 -16"><span class='ocrx_word' id='word_1_36' title='bbox 127 735 185 782; x_wconf 84' lang='lat' dir='ltr'><strong>Binn</strong></span> <span class='ocrx_word' id='word_1_37' title='bbox 194 749 268 782; x_wconf 79' lang='lat' dir='ltr'><strong>manu</strong></span> <span class='ocrx_word' id='word_1_38' title='bbox 276 732 324 780; x_wconf 82' lang='lat' dir='ltr'><strong>leto</strong></span> <span class='ocrx_word' id='word_1_39' title='bbox 334 732 438 798; x_wconf 79' lang='lat' dir='ltr'><strong>crispans</strong></span> <span class='ocrx_word' id='word_1_40' title='bbox 448 724 540 781; x_wconf 77' lang='lat' dir='ltr'><strong>hastilis</strong></span> <span class='ocrx_word' id='word_1_41' title='bbox 550 731 617 780; x_wconf 82' lang='lat' dir='ltr'><strong>ferro.</strong></span> 
     </span>
    </p>

    <p class='ocr_par' dir='ltr' id='par_1_4' title="bbox 19 811 843 3012">
     <span class='ocr_line' id='line_1_8' title="bbox 19 811 668 878; baseline -0.003 -16"><span class='ocrx_word' id='word_1_42' title='bbox 19 859 28 866; x_wconf 88' lang='grc'><strong>,</strong></span> <span class='ocrx_word' id='word_1_43' title='bbox 127 814 188 862; x_wconf 83' lang='lat' dir='ltr'><strong>Hinc</strong></span> <span class='ocrx_word' id='word_1_44' title='bbox 197 824 264 878; x_wconf 73' lang='lat' dir='ltr'><strong>poter</strong></span> <span class='ocrx_word' id='word_1_45' title='bbox 272 815 371 870; x_wconf 80' lang='lat' dir='ltr'><strong>AEnees,</strong></span> <span class='ocrx_word' id='word_1_46' title='bbox 381 815 493 860; x_wconf 79' lang='lat' dir='ltr'><strong>Romnnae</strong></span> <span class='ocrx_word' id='word_1_47' title='bbox 503 811 581 876; x_wconf 82' lang='lat' dir='ltr'>stirpis</span> <span class='ocrx_word' id='word_1_48' title='bbox 590 811 668 878; x_wconf 79' lang='lat' dir='ltr'><strong>origo,</strong></span> 
     </span>
     <span class='ocr_line' id='line_1_9' title="bbox 127 889 694 957; baseline -0.004 -17"><span class='ocrx_word' id='word_1_49' title='bbox 127 892 220 941; x_wconf 78' lang='lat' dir='ltr'><strong>sidereo</strong></span> <span class='ocrx_word' id='word_1_50' title='bbox 230 889 331 956; x_wconf 61' lang='lat' dir='ltr'><strong>flemus</strong></span> <span class='ocrx_word' id='word_1_51' title='bbox 340 891 424 957; x_wconf 78' lang='lat' dir='ltr'><strong>clypeo}</strong></span> <span class='ocrx_word' id='word_1_52' title='bbox 434 903 457 938; x_wconf 90' lang='lat' dir='ltr'><strong>et</strong></span> <span class='ocrx_word' id='word_1_53' title='bbox 467 890 600 940; x_wconf 80' lang='lat' dir='ltr'><strong>scelestibus</strong></span> <span class='ocrx_word' id='word_1_54' title='bbox 609 891 694 949; x_wconf 78' lang='lat' dir='ltr'><strong>ermis,</strong></span> 
     </span>
     <span class='ocr_line' id='line_1_10' title="bbox 127 967 719 1034; baseline -0.005 -13"><span class='ocrx_word' id='word_1_55' title='bbox 127 976 158 1021; x_wconf 87' lang='lat' dir='ltr'><strong>Et</strong></span> <span class='ocrx_word' id='word_1_56' title='bbox 167 967 232 1034; x_wconf 67' lang='lat' dir='ltr'><strong>juxte</strong></span> <span class='ocrx_word' id='word_1_57' title='bbox 241 969 369 1029; x_wconf 61' lang='lat' dir='ltr'><strong>hanins,</strong></span> <span class='ocrx_word' id='word_1_58' title='bbox 379 985 470 1034; x_wconf 69' lang='lat' dir='ltr'><strong>magne</strong></span> <span class='ocrx_word' id='word_1_59' title='bbox 480 985 533 1034; x_wconf 70' lang='lat' dir='ltr'><strong>spes</strong></span> <span class='ocrx_word' id='word_1_60' title='bbox 543 970 613 1018; x_wconf 76' lang='lat' dir='ltr'><strong>ultera</strong></span> <span class='ocrx_word' id='word_1_61' title='bbox 623 972 719 1029; x_wconf 82' lang='lat' dir='ltr'><strong>Romae,</strong></span> 
     </span>
     <span class='ocr_line' id='line_1_11' title="bbox 126 1048 703 1114; baseline -0.002 -15"><span class='ocrx_word' id='word_1_62' title='bbox 126 1049 361 1107; x_wconf 61' lang='lat' dir='ltr'><strong>meduntensis,</strong></span> <span class='ocrx_word' id='word_1_63' title='bbox 371 1050 478 1114; x_wconf 71' lang='lat' dir='ltr'><strong>pureque</strong></span> <span class='ocrx_word' id='word_1_64' title='bbox 488 1048 513 1096; x_wconf 88' lang='lat' dir='ltr'><strong>in</strong></span> <span class='ocrx_word' id='word_1_65' title='bbox 522 1060 586 1096; x_wconf 84' lang='lat' dir='ltr'><strong>veste</strong></span> <span class='ocrx_word' id='word_1_66' title='bbox 596 1049 703 1098; x_wconf 78' lang='lat' dir='ltr'><strong>sacerdos</strong></span> 
     </span>
     <span class='ocr_line' id='line_1_12' title="bbox 125 1128 684 1194; baseline -0.004 -16"><span class='ocrx_word' id='word_1_67' title='bbox 125 1129 223 1194; x_wconf 82' lang='lat' dir='ltr'><strong>Setigeri</strong></span> <span class='ocrx_word' id='word_1_68' title='bbox 233 1128 308 1178; x_wconf 86' lang='lat' dir='ltr'><strong>fetum</strong></span> <span class='ocrx_word' id='word_1_69' title='bbox 317 1129 378 1187; x_wconf 86' lang='lat' dir='ltr'><strong>suis,</strong></span> <span class='ocrx_word' id='word_1_70' title='bbox 388 1129 553 1193; x_wconf 83' lang='lat' dir='ltr'><strong>intonsumque</strong></span> <span class='ocrx_word' id='word_1_71' title='bbox 562 1128 684 1176; x_wconf 81' lang='lat' dir='ltr'><strong>bidentem</strong></span> 
     </span>
     <span class='ocr_line' id='line_1_13' title="bbox 126 1206 693 1273; baseline -0.002 -17"><span class='ocrx_word' id='word_1_72' title='bbox 126 1209 226 1266; x_wconf 81' lang='lat' dir='ltr'>Attulit,</span> <span class='ocrx_word' id='word_1_73' title='bbox 236 1208 388 1273; x_wconf 77' lang='lat' dir='ltr'><strong>admovitque</strong></span> <span class='ocrx_word' id='word_1_74' title='bbox 398 1225 470 1273; x_wconf 84' lang='lat' dir='ltr'><strong>pecus</strong></span> <span class='ocrx_word' id='word_1_75' title='bbox 479 1206 631 1273; x_wconf 76' lang='lat' dir='ltr'><strong>flagrantibus</strong></span> <span class='ocrx_word' id='word_1_76' title='bbox 641 1208 693 1256; x_wconf 81' lang='lat' dir='ltr'><strong>eris.</strong></span> 
     </span>
     <span class='ocr_line' id='line_1_14' title="bbox 126 1285 670 1354; baseline 0 -20"><span class='ocrx_word' id='word_1_77' title='bbox 126 1288 177 1348; x_wconf 80' lang='lat' dir='ltr'><strong>Illi,</strong></span> <span class='ocrx_word' id='word_1_78' title='bbox 187 1287 217 1337; x_wconf 81' lang='lat' dir='ltr'><strong>sd</strong></span> <span class='ocrx_word' id='word_1_79' title='bbox 226 1299 360 1354; x_wconf 79' lang='lat' dir='ltr'><strong>surgentem</strong></span> <span class='ocrx_word' id='word_1_80' title='bbox 368 1289 475 1336; x_wconf 83' lang='lat' dir='ltr'><strong>conversi</strong></span> <span class='ocrx_word' id='word_1_81' title='bbox 484 1287 574 1342; x_wconf 76' lang='lat' dir='ltr'><strong>Iuntina</strong></span> <span class='ocrx_word' id='word_1_82' title='bbox 583 1285 670 1344; x_wconf 85' lang='lat' dir='ltr'><strong>solem,</strong></span> 
     </span>
     <span class='ocr_line' id='line_1_15' title="bbox 126 1363 709 1432; baseline 0 -18"><span class='ocrx_word' id='word_1_83' title='bbox 126 1370 189 1416; x_wconf 77' lang='lat' dir='ltr'><strong>Dent</strong></span> <span class='ocrx_word' id='word_1_84' title='bbox 199 1365 278 1432; x_wconf 81' lang='lat' dir='ltr'><strong>fruges</strong></span> <span class='ocrx_word' id='word_1_85' title='bbox 287 1367 397 1423; x_wconf 74' lang='lat' dir='ltr'><strong>manibus</strong></span> <span class='ocrx_word' id='word_1_86' title='bbox 406 1366 489 1426; x_wconf 75' lang='lat' dir='ltr'><strong>salsus,</strong></span> <span class='ocrx_word' id='word_1_87' title='bbox 499 1378 523 1415; x_wconf 88' lang='lat' dir='ltr'><strong>et</strong></span> <span class='ocrx_word' id='word_1_88' title='bbox 531 1378 636 1430; x_wconf 86' lang='lat' dir='ltr'><strong>tempore</strong></span> <span class='ocrx_word' id='word_1_89' title='bbox 646 1363 709 1414; x_wconf 82' lang='lat' dir='ltr'><strong>serm</strong></span> 
     </span>
     <span class='ocr_line' id='line_1_16' title="bbox 125 1443 786 1510; baseline 0 -15"><span class='ocrx_word' id='word_1_90' title='bbox 125 1448 223 1496; x_wconf 81' lang='lat' dir='ltr'><strong>Summa</strong></span> <span class='ocrx_word' id='word_1_91' title='bbox 233 1457 316 1495; x_wconf 83' lang='lat' dir='ltr'><strong>notent</strong></span> <span class='ocrx_word' id='word_1_92' title='bbox 325 1445 456 1510; x_wconf 82' lang='lat' dir='ltr'><strong>pecudum,</strong></span> <span class='ocrx_word' id='word_1_93' title='bbox 466 1445 598 1510; x_wconf 80' lang='lat' dir='ltr'><strong>paterisque</strong></span> <span class='ocrx_word' id='word_1_94' title='bbox 609 1443 689 1492; x_wconf 74' lang='lat' dir='ltr'><strong>altoris</strong></span> <span class='ocrx_word' id='word_1_95' title='bbox 699 1444 786 1495; x_wconf 82' lang='lat' dir='ltr'><strong>libant</strong></span> 
     </span>
     <span class='ocr_line' id='line_1_17' title="bbox 124 1525 676 1591; baseline -0.004 -18"><span class='ocrx_word' id='word_1_96' title='bbox 124 1527 189 1574; x_wconf 80' lang='lat' dir='ltr'><strong>Tbm</strong></span> <span class='ocrx_word' id='word_1_97' title='bbox 197 1525 252 1591; x_wconf 84' lang='lat' dir='ltr'><strong>pius</strong></span> <span class='ocrx_word' id='word_1_98' title='bbox 261 1529 346 1574; x_wconf 79' lang='lat' dir='ltr'><strong>AEneos</strong></span> <span class='ocrx_word' id='word_1_99' title='bbox 355 1525 434 1573; x_wconf 87' lang='lat' dir='ltr'><strong>stricto</strong></span> <span class='ocrx_word' id='word_1_100' title='bbox 444 1525 478 1573; x_wconf 87' lang='lat' dir='ltr'><strong>sic</strong></span> <span class='ocrx_word' id='word_1_101' title='bbox 486 1540 541 1574; x_wconf 77' lang='lat' dir='ltr'><strong>enee</strong></span> <span class='ocrx_word' id='word_1_102' title='bbox 550 1536 660 1589; x_wconf 76' lang='lat' dir='ltr'><strong>precatur</strong></span> <span class='ocrx_word' id='word_1_103' title='bbox 670 1543 676 1571; x_wconf 93' lang='lat'>:</span> 
     </span>
     <span class='ocr_line' id='line_1_18' title="bbox 125 1601 768 1663; baseline 0.002 -11"><span class='ocrx_word' id='word_1_104' title='bbox 125 1608 181 1652; x_wconf 82' lang='lat' dir='ltr'><strong>Esto</strong></span> <span class='ocrx_word' id='word_1_105' title='bbox 192 1621 268 1663; x_wconf 90' lang='lat' dir='ltr'><strong>nunc,</strong></span> <span class='ocrx_word' id='word_1_106' title='bbox 279 1604 331 1663; x_wconf 86' lang='lat' dir='ltr'><strong>Sol,</strong></span> <span class='ocrx_word' id='word_1_107' title='bbox 341 1605 419 1663; x_wconf 82' lang='lat' dir='ltr'><strong>testis,</strong></span> <span class='ocrx_word' id='word_1_108' title='bbox 429 1616 453 1652; x_wconf 90' lang='lat' dir='ltr'><strong>et</strong></span> <span class='ocrx_word' id='word_1_109' title='bbox 462 1602 511 1651; x_wconf 78' lang='lat' dir='ltr'><strong>hue</strong></span> <span class='ocrx_word' id='word_1_110' title='bbox 520 1601 579 1650; x_wconf 89' lang='lat' dir='ltr'><strong>mibi</strong></span> <span class='ocrx_word' id='word_1_111' title='bbox 588 1615 649 1650; x_wconf 80' lang='lat' dir='ltr'><strong>terra</strong></span> <span class='ocrx_word' id='word_1_112' title='bbox 659 1604 768 1658; x_wconf 84' lang='lat' dir='ltr'><strong>vocanti.</strong></span> 
     </span>
     <span class='ocr_line' id='line_1_19' title="bbox 126 1676 701 1748; baseline 0.003 -18"><span class='ocrx_word' id='word_1_113' title='bbox 126 1687 206 1746; x_wconf 83' lang='lat' dir='ltr'><strong>Quum</strong></span> <span class='ocrx_word' id='word_1_114' title='bbox 215 1695 313 1748; x_wconf 82' lang='lat' dir='ltr'><strong>propter</strong></span> <span class='ocrx_word' id='word_1_115' title='bbox 321 1695 399 1732; x_wconf 82' lang='lat' dir='ltr'><strong>tantos</strong></span> <span class='ocrx_word' id='word_1_116' title='bbox 409 1676 476 1748; x_wconf 80' lang='lat' dir='ltr'><strong>potiri</strong></span> <span class='ocrx_word' id='word_1_117' title='bbox 484 1681 584 1746; x_wconf 77' lang='lat' dir='ltr'><strong>perferre</strong></span> <span class='ocrx_word' id='word_1_118' title='bbox 594 1681 688 1732; x_wconf 79' lang='lat' dir='ltr'><strong>labores</strong></span> <span class='ocrx_word' id='word_1_119' title='bbox 693 1717 701 1742; x_wconf 89' lang='lat'><strong>,</strong></span> 
     </span>
     <span class='ocr_line' id='line_1_20' title="bbox 125 1761 687 1828; baseline 0 -18"><span class='ocrx_word' id='word_1_120' title='bbox 125 1766 155 1810; x_wconf 83' lang='lat' dir='ltr'><strong>Et</strong></span> <span class='ocrx_word' id='word_1_121' title='bbox 165 1766 234 1810; x_wconf 79' lang='lat' dir='ltr'><strong>Peter</strong></span> <span class='ocrx_word' id='word_1_122' title='bbox 243 1763 405 1828; x_wconf 85' lang='lat' dir='ltr'><strong>omnipotens,</strong></span> <span class='ocrx_word' id='word_1_123' title='bbox 414 1774 438 1811; x_wconf 89' lang='lat' dir='ltr'><strong>et</strong></span> <span class='ocrx_word' id='word_1_124' title='bbox 448 1773 484 1822; x_wconf 84' lang='lat' dir='ltr'><strong>tu,</strong></span> <span class='ocrx_word' id='word_1_125' title='bbox 495 1761 603 1810; x_wconf 76' lang='lat' dir='ltr'><strong>Saturnis</strong></span> <span class='ocrx_word' id='word_1_126' title='bbox 612 1767 687 1821; x_wconf 81' lang='lat' dir='ltr'><strong>luno,</strong></span> 
     </span>
     <span class='ocr_line' id='line_1_21' title="bbox 124 1840 843 1913; baseline 0.001 -22"><span class='ocrx_word' id='word_1_127' title='bbox 124 1846 177 1891; x_wconf 80' lang='lat' dir='ltr'><strong>lam</strong></span> <span class='ocrx_word' id='word_1_128' title='bbox 186 1841 279 1900; x_wconf 65' lang='lat' dir='ltr'><strong>melior,</strong></span> <span class='ocrx_word' id='word_1_129' title='bbox 289 1840 347 1904; x_wconf 80' lang='lat' dir='ltr'><strong>jem,</strong></span> <span class='ocrx_word' id='word_1_130' title='bbox 359 1842 428 1901; x_wconf 80' lang='lat' dir='ltr'><strong>Divo,</strong></span> <span class='ocrx_word' id='word_1_131' title='bbox 438 1858 533 1907; x_wconf 85' lang='lat' dir='ltr'><strong>precor:</strong></span> <span class='ocrx_word' id='word_1_132' title='bbox 543 1853 626 1904; x_wconf 87' lang='lat' dir='ltr'><strong>tuque,</strong></span> <span class='ocrx_word' id='word_1_133' title='bbox 636 1841 726 1913; x_wconf 78' lang='lat' dir='ltr'><strong>inclyte</strong></span> <span class='ocrx_word' id='word_1_134' title='bbox 736 1847 843 1904; x_wconf 71' lang='lat' dir='ltr'><strong>Mavors,</strong></span> 
     </span>
     <span class='ocr_line' id='line_1_22' title="bbox 123 1920 778 1992; baseline 0.003 -24"><span class='ocrx_word' id='word_1_135' title='bbox 123 1922 214 1969; x_wconf 76' lang='lat' dir='ltr'><strong>Cuncta</strong></span> <span class='ocrx_word' id='word_1_136' title='bbox 224 1933 266 1968; x_wconf 87' lang='lat' dir='ltr'><strong>tuo</strong></span> <span class='ocrx_word' id='word_1_137' title='bbox 277 1922 319 1984; x_wconf 90' lang='lat' dir='ltr'><strong>qui</strong></span> <span class='ocrx_word' id='word_1_138' title='bbox 328 1920 389 1969; x_wconf 78' lang='lat' dir='ltr'><strong>bella</strong></span> <span class='ocrx_word' id='word_1_139' title='bbox 397 1958 403 1979; x_wconf 87' lang='lat'><strong><em>,</em></strong></span> <span class='ocrx_word' id='word_1_140' title='bbox 411 1925 493 1992; x_wconf 74' lang='lat' dir='ltr'><strong>Peter,¹</strong></span> <span class='ocrx_word' id='word_1_141' title='bbox 502 1921 548 1969; x_wconf 88' lang='lat' dir='ltr'><strong>sub</strong></span> <span class='ocrx_word' id='word_1_142' title='bbox 556 1921 653 1969; x_wconf 88' lang='lat' dir='ltr'><strong>numine</strong></span> <span class='ocrx_word' id='word_1_143' title='bbox 664 1934 761 1986; x_wconf 77' lang='lat' dir='ltr'><strong>torques</strong></span> <span class='ocrx_word' id='word_1_144' title='bbox 771 1941 778 1970; x_wconf 73' lang='grc' dir='ltr'><strong>ε</strong></span> 
     </span>
     <span class='ocr_line' id='line_1_23' title="bbox 124 1998 744 2065; baseline 0.006 -19"><span class='ocrx_word' id='word_1_145' title='bbox 124 2002 257 2063; x_wconf 78' lang='lat' dir='ltr'><strong>Fontetque</strong></span> <span class='ocrx_word' id='word_1_146' title='bbox 268 1999 400 2064; x_wconf 87' lang='lat' dir='ltr'><strong>fluviosque</strong></span> <span class='ocrx_word' id='word_1_147' title='bbox 409 2017 480 2057; x_wconf 88' lang='lat' dir='ltr'><strong>voco,</strong></span> <span class='ocrx_word' id='word_1_148' title='bbox 489 2016 590 2065; x_wconf 79' lang='lat' dir='ltr'><strong>quaeque</strong></span> <span class='ocrx_word' id='word_1_149' title='bbox 600 1998 692 2048; x_wconf 82' lang='lat' dir='ltr'><strong>aetheris</strong></span> <span class='ocrx_word' id='word_1_150' title='bbox 702 2001 744 2050; x_wconf 79' lang='lat' dir='ltr'><strong>alti</strong></span> 
     </span>
     <span class='ocr_line' id='line_1_24' title="bbox 123 2077 705 2145; baseline 0.005 -20"><span class='ocrx_word' id='word_1_151' title='bbox 123 2077 235 2140; x_wconf 81' lang='lat' dir='ltr'><strong>Relligio,</strong></span> <span class='ocrx_word' id='word_1_152' title='bbox 246 2089 269 2125; x_wconf 88' lang='lat' dir='ltr'><strong>et</strong></span> <span class='ocrx_word' id='word_1_153' title='bbox 278 2093 332 2142; x_wconf 81' lang='lat' dir='ltr'><strong>qnae</strong></span> <span class='ocrx_word' id='word_1_154' title='bbox 341 2077 440 2125; x_wconf 80' lang='lat' dir='ltr'><strong>caentleo</strong></span> <span class='ocrx_word' id='word_1_155' title='bbox 450 2090 506 2127; x_wconf 91' lang='lat' dir='ltr'><strong>sunt</strong></span> <span class='ocrx_word' id='word_1_156' title='bbox 516 2080 614 2127; x_wconf 77' lang='lat' dir='ltr'><strong>numina</strong></span> <span class='ocrx_word' id='word_1_157' title='bbox 623 2091 705 2145; x_wconf 87' lang='lat' dir='ltr'><strong>ponto.</strong></span> 
     </span>
     <span class='ocr_line' id='line_1_25' title="bbox 122 2155 636 2218; baseline 0.004 -13"><span class='ocrx_word' id='word_1_158' title='bbox 122 2156 222 2205; x_wconf 83' lang='lat' dir='ltr'><strong>Cesserit</strong></span> <span class='ocrx_word' id='word_1_159' title='bbox 232 2156 338 2204; x_wconf 82' lang='lat' dir='ltr'><strong>Ausonio</strong></span> <span class='ocrx_word' id='word_1_160' title='bbox 349 2157 368 2204; x_wconf 90' lang='lat' dir='ltr'><strong>si</strong></span> <span class='ocrx_word' id='word_1_161' title='bbox 378 2155 425 2204; x_wconf 84' lang='lat' dir='ltr'><strong>fors</strong></span> <span class='ocrx_word' id='word_1_162' title='bbox 435 2157 531 2205; x_wconf 81' lang='lat' dir='ltr'><strong>victoria</strong></span> <span class='ocrx_word' id='word_1_163' title='bbox 540 2162 636 2218; x_wconf 86' lang='lat' dir='ltr'><strong>Turno,</strong></span> 
     </span>
     <span class='ocr_line' id='line_1_26' title="bbox 122 2236 716 2301; baseline 0.007 -18"><span class='ocrx_word' id='word_1_164' title='bbox 122 2236 240 2284; x_wconf 83' lang='lat' dir='ltr'><strong>Convcnit</strong></span> <span class='ocrx_word' id='word_1_165' title='bbox 249 2236 353 2284; x_wconf 79' lang='lat' dir='ltr'><strong>Evandri</strong></span> <span class='ocrx_word' id='word_1_166' title='bbox 363 2237 437 2284; x_wconf 85' lang='lat' dir='ltr'><strong>victos</strong></span> <span class='ocrx_word' id='word_1_167' title='bbox 447 2237 563 2286; x_wconf 84' lang='lat' dir='ltr'><strong>discedere</strong></span> <span class='ocrx_word' id='word_1_168' title='bbox 573 2239 603 2287; x_wconf 82' lang='lat' dir='ltr'><strong>sd</strong></span> <span class='ocrx_word' id='word_1_169' title='bbox 614 2237 699 2287; x_wconf 85' lang='lat' dir='ltr'><strong>urbem</strong></span> <span class='ocrx_word' id='word_1_170' title='bbox 709 2258 716 2301; x_wconf 87' lang='lat'>;</span> 
     </span>
     <span class='ocr_line' id='line_1_27' title="bbox 121 2315 712 2381; baseline 0.005 -18"><span class='ocrx_word' id='word_1_171' title='bbox 121 2315 195 2364; x_wconf 89' lang='lat' dir='ltr'><strong>Cedet</strong></span> <span class='ocrx_word' id='word_1_172' title='bbox 205 2316 271 2364; x_wconf 84' lang='lat' dir='ltr'><strong>liilus</strong></span> <span class='ocrx_word' id='word_1_173' title='bbox 281 2316 354 2381; x_wconf 82' lang='lat' dir='ltr'><strong>agris;</strong></span> <span class='ocrx_word' id='word_1_174' title='bbox 364 2333 407 2364; x_wconf 87' lang='lat' dir='ltr'><strong>nec</strong></span> <span class='ocrx_word' id='word_1_175' title='bbox 416 2317 470 2381; x_wconf 80' lang='lat' dir='ltr'><strong>pbst</strong></span> <span class='ocrx_word' id='word_1_176' title='bbox 480 2334 544 2365; x_wconf 82' lang='lat' dir='ltr'><strong>arma</strong></span> <span class='ocrx_word' id='word_1_177' title='bbox 554 2319 603 2367; x_wconf 83' lang='lat' dir='ltr'><strong>ulla</strong></span> <span class='ocrx_word' id='word_1_178' title='bbox 614 2318 712 2366; x_wconf 84' lang='lat' dir='ltr'><strong>rebelles</strong></span> 
     </span>
     <span class='ocr_line' id='line_1_28' title="bbox 121 2393 722 2461; baseline 0.007 -19"><span class='ocrx_word' id='word_1_179' title='bbox 121 2395 230 2443; x_wconf 80' lang='lat' dir='ltr'><strong>AEneadae</strong></span> <span class='ocrx_word' id='word_1_180' title='bbox 241 2393 353 2453; x_wconf 80' lang='lat' dir='ltr'><strong>reserent,</strong></span> <span class='ocrx_word' id='word_1_181' title='bbox 364 2395 454 2444; x_wconf 80' lang='lat' dir='ltr'><strong>ferrove</strong></span> <span class='ocrx_word' id='word_1_182' title='bbox 464 2393 514 2445; x_wconf 72' lang='lat' dir='ltr'><strong>baec</strong></span> <span class='ocrx_word' id='word_1_183' title='bbox 523 2413 594 2461; x_wconf 81' lang='lat' dir='ltr'><strong>regnu</strong></span> <span class='ocrx_word' id='word_1_184' title='bbox 603 2397 722 2446; x_wconf 75' lang='lat' dir='ltr'><strong>lacessent</strong></span> 
     </span>
     <span class='ocr_line' id='line_1_29' title="bbox 121 2473 703 2537; baseline 0.005 -16"><span class='ocrx_word' id='word_1_185' title='bbox 121 2473 162 2521; x_wconf 87' lang='lat' dir='ltr'><strong>Sin</strong></span> <span class='ocrx_word' id='word_1_186' title='bbox 172 2487 280 2522; x_wconf 86' lang='lat' dir='ltr'><strong>nostrum</strong></span> <span class='ocrx_word' id='word_1_187' title='bbox 289 2476 398 2524; x_wconf 85' lang='lat' dir='ltr'><strong>annuerit</strong></span> <span class='ocrx_word' id='word_1_188' title='bbox 407 2476 476 2524; x_wconf 88' lang='lat' dir='ltr'><strong>nobis</strong></span> <span class='ocrx_word' id='word_1_189' title='bbox 485 2476 581 2525; x_wconf 82' lang='lat' dir='ltr'><strong>victoria</strong></span> <span class='ocrx_word' id='word_1_190' title='bbox 591 2481 703 2537; x_wconf 80' lang='lat' dir='ltr'><strong>Martem,</strong></span> 
     </span>
     <span class='ocr_line' id='line_1_30' title="bbox 121 2553 733 2620; baseline 0.007 -19"><span class='ocrx_word' id='word_1_191' title='bbox 121 2555 170 2616; x_wconf 83' lang='lat' dir='ltr'><strong>(Ut</strong></span> <span class='ocrx_word' id='word_1_192' title='bbox 179 2555 333 2617; x_wconf 71' lang='lat' dir='ltr'><strong>petiissem,</strong></span> <span class='ocrx_word' id='word_1_193' title='bbox 343 2567 366 2602; x_wconf 87' lang='lat' dir='ltr'><strong>et</strong></span> <span class='ocrx_word' id='word_1_194' title='bbox 375 2555 454 2620; x_wconf 77' lang='lat' dir='ltr'><strong>potitis</strong></span> <span class='ocrx_word' id='word_1_195' title='bbox 465 2557 495 2606; x_wconf 83' lang='lat' dir='ltr'><strong>Di</strong></span> <span class='ocrx_word' id='word_1_196' title='bbox 503 2558 600 2604; x_wconf 90' lang='lat' dir='ltr'><strong>numine</strong></span> <span class='ocrx_word' id='word_1_197' title='bbox 608 2553 704 2605; x_wconf 87' lang='lat' dir='ltr'><strong>firment</strong></span> <span class='ocrx_word' id='word_1_198' title='bbox 711 2556 733 2618; x_wconf 85' lang='lat' dir='ltr'><strong>l)</strong></span> 
     </span>
     <span class='ocr_line' id='line_1_31' title="bbox 121 2634 665 2700; baseline 0.004 -19"><span class='ocrx_word' id='word_1_199' title='bbox 121 2635 174 2681; x_wconf 84' lang='lat' dir='ltr'><strong>Non</strong></span> <span class='ocrx_word' id='word_1_200' title='bbox 185 2650 227 2698; x_wconf 82' lang='lat' dir='ltr'><strong>ego</strong></span> <span class='ocrx_word' id='word_1_201' title='bbox 238 2650 280 2682; x_wconf 90' lang='lat' dir='ltr'><strong>nec</strong></span> <span class='ocrx_word' id='word_1_202' title='bbox 287 2636 382 2682; x_wconf 82' lang='lat' dir='ltr'><strong>Teucris</strong></span> <span class='ocrx_word' id='word_1_203' title='bbox 392 2635 462 2683; x_wconf 80' lang='lat' dir='ltr'><strong>Italos</strong></span> <span class='ocrx_word' id='word_1_204' title='bbox 472 2650 553 2700; x_wconf 80' lang='lat' dir='ltr'><strong>perere</strong></span> <span class='ocrx_word' id='word_1_205' title='bbox 563 2634 665 2697; x_wconf 89' lang='lat' dir='ltr'><strong>jubebo,</strong></span> 
     </span>
     <span class='ocr_line' id='line_1_32' title="bbox 120 2711 719 2780; baseline 0.008 -22"><span class='ocrx_word' id='word_1_206' title='bbox 120 2714 168 2759; x_wconf 82' lang='lat' dir='ltr'><strong>Nec</strong></span> <span class='ocrx_word' id='word_1_207' title='bbox 177 2711 237 2760; x_wconf 88' lang='lat' dir='ltr'><strong>mihi</strong></span> <span class='ocrx_word' id='word_1_208' title='bbox 246 2729 316 2778; x_wconf 80' lang='lat' dir='ltr'><strong>regna</strong></span> <span class='ocrx_word' id='word_1_209' title='bbox 326 2727 389 2778; x_wconf 89' lang='lat' dir='ltr'><strong>peto.</strong></span> <span class='ocrx_word' id='word_1_210' title='bbox 399 2715 498 2763; x_wconf 84' lang='lat' dir='ltr'><strong>Paribus</strong></span> <span class='ocrx_word' id='word_1_211' title='bbox 508 2731 532 2762; x_wconf 89' lang='lat' dir='ltr'><strong>se</strong></span> <span class='ocrx_word' id='word_1_212' title='bbox 541 2715 633 2780; x_wconf 80' lang='lat' dir='ltr'><strong>legibus</strong></span> <span class='ocrx_word' id='word_1_213' title='bbox 643 2715 719 2762; x_wconf 74' lang='lat' dir='ltr'><strong>embae</strong></span> 
     </span>
     <span class='ocr_line' id='line_1_33' title="bbox 120 2792 647 2857; baseline 0.009 -20"><span class='ocrx_word' id='word_1_214' title='bbox 120 2792 216 2841; x_wconf 74' lang='lat' dir='ltr'><strong>lnnctae</strong></span> <span class='ocrx_word' id='word_1_215' title='bbox 226 2805 305 2857; x_wconf 83' lang='lat' dir='ltr'><strong>gentes</strong></span> <span class='ocrx_word' id='word_1_216' title='bbox 315 2806 400 2841; x_wconf 82' lang='lat' dir='ltr'><strong>aeternu</strong></span> <span class='ocrx_word' id='word_1_217' title='bbox 410 2794 435 2840; x_wconf 90' lang='lat' dir='ltr'><strong>in</strong></span> <span class='ocrx_word' id='word_1_218' title='bbox 449 2794 536 2843; x_wconf 83' lang='lat' dir='ltr'><strong>soedera</strong></span> <span class='ocrx_word' id='word_1_219' title='bbox 545 2795 647 2842; x_wconf 79' lang='lat' dir='ltr'><strong>mittant.</strong></span> 
     </span>
     <span class='ocr_line' id='line_1_34' title="bbox 119 2870 764 2938; baseline 0.011 -21"><span class='ocrx_word' id='word_1_220' title='bbox 119 2873 187 2918; x_wconf 81' lang='lat' dir='ltr'><strong>Sacra</strong></span> <span class='ocrx_word' id='word_1_221' title='bbox 198 2874 305 2938; x_wconf 79' lang='lat' dir='ltr'><strong>Deosque</strong></span> <span class='ocrx_word' id='word_1_222' title='bbox 315 2873 377 2921; x_wconf 84' lang='lat' dir='ltr'><strong>dabo</strong></span> <span class='ocrx_word' id='word_1_223' title='bbox 388 2891 393 2919; x_wconf 89' lang='lat'>:</span> <span class='ocrx_word' id='word_1_224' title='bbox 405 2889 469 2923; x_wconf 74' lang='lat' dir='ltr'><strong>socen</strong></span> <span class='ocrx_word' id='word_1_225' title='bbox 479 2890 543 2922; x_wconf 83' lang='lat' dir='ltr'><strong>armo</strong></span> <span class='ocrx_word' id='word_1_226' title='bbox 552 2874 650 2922; x_wconf 75' lang='lat' dir='ltr'><strong>Latinus</strong></span> <span class='ocrx_word' id='word_1_227' title='bbox 660 2870 764 2932; x_wconf 76' lang='lat' dir='ltr'><strong>habet03</strong></span> 
     </span>
     <span class='ocr_line' id='line_1_35' title="bbox 120 2965 223 3012; baseline -0.01 -11"><span class='ocrx_word' id='word_1_228' title='bbox 120 2967 144 3001; x_wconf 79' lang='lat' dir='ltr'><strong>v.</strong></span> <span class='ocrx_word' id='word_1_229' title='bbox 162 2965 223 3012; x_wconf 86' lang='lat'><strong>192.</strong></span> 
     </span>
    </p>
   </div>
   <div class='ocr_carea' id='block_1_3' title="bbox 0 0 992 3772">
    <p class='ocr_par' dir='ltr' id='par_1_5' title="bbox 0 0 992 3772">
     <span class='ocr_line' id='line_1_36' title="bbox 0 0 992 3772; baseline 0 3"><span class='ocrx_word' id='word_1_230' title='bbox 0 0 992 3772; x_wconf 95' lang='lat' dir='ltr'><strong> </strong></span> 
     </span>
    </p>
   </div>
   <div class='ocr_carea' id='block_1_4' title="bbox 86 3384 340 3703">
    <p class='ocr_par' dir='ltr' id='par_1_6' title="bbox 86 3384 340 3703">
     <span class='ocr_line' id='line_1_37' title="bbox 86 3384 92 3395; baseline 0 0"><span class='ocrx_word' id='word_1_231' title='bbox 86 3384 92 3395; x_wconf 78' lang='grc' dir='ltr'><strong><em>ι</em></strong></span> 
     </span>
     <span class='ocr_line' id='line_1_38' title="bbox 329 3647 339 3663; baseline 0 0"><span class='ocrx_word' id='word_1_232' title='bbox 329 3647 339 3663; x_wconf 63' lang='grc'>1</span> 
     </span>
     <span class='ocr_line' id='line_1_39' title="bbox 244 3668 252 3677; baseline 0 0"><span class='ocrx_word' id='word_1_233' title='bbox 244 3668 252 3677; x_wconf 67' lang='grc' dir='ltr'><strong><em>ι</em></strong></span> 
     </span>
     <span class='ocr_line' id='line_1_40' title="bbox 290 3686 340 3703; baseline 0 0"><span class='ocrx_word' id='word_1_234' title='bbox 290 3692 293 3701; x_wconf 89' lang='grc' dir='ltr'>ι</span> <span class='ocrx_word' id='word_1_235' title='bbox 330 3686 340 3703; x_wconf 68' lang='lat' dir='ltr'><strong>*n</strong></span> 
     </span>
    </p>
   </div>
  </div>
 </body>
</html>
