1974 3772
134 273 188 326 308
338 274 469 323 PUBLll
487 275 662 327 vineunt
713 337 721 351 ἡ

132 372 272 433 Confessus,
282 372 420 439 placideque
430 373 464 422 ibi
473 372 571 423 demum
579 387 655 423 morte
664 375 764 440 quievit.

132 452 256 502 Fortunati
266 453 350 501 ambo!
361 454 380 501 si
390 452 450 517 quid
458 469 511 501 mea
520 454 622 502 carnrina
632 457 745 518 possunt,

132 532 202 582 Nulla
211 532 259 581 dies
269 532 375 596 unquim
384 532 483 580 memori
493 549 536 580 vos
545 533 631 581 eximet
640 549 704 593 aevo,

133 613 197 660 num
206 611 290 660 domus
300 614 379 659 AEneae
388 612 490 676 Capitoli
500 611 622 659 immobile
632 628 715 661 saxum
807 655 823 670 χ

133 689 239 748 Δωοὶοι,
249 688 422 754 imperiumque
432 701 499 755 pater
508 693 629 739 Romanus
639 688 744 742 habebit.

173 769 279 820 Victores
288 767 368 834 praedl
377 769 460 817 Rutuli
470 769 597 835 spoliisque
606 770 690 834 potiti,
749 780 761 803 ²

131 850 282 906 volsoeutem
291 849 426 896 exanimum
436 847 518 898 flentes
528 849 553 895 in
563 860 636 897 eastra
647 847 759 900 suebant

31 976 34 983 ,
108 935 110 939 “
131 933 180 980 Nec
188 927 266 975 minor
276 927 301 975 ln
310 928 391 975 castris
400 927 490 985 luctus,
501 924 632 976 Rhamnete
642 940 735 992 reperto

132 1005 263 1071 Exsangui,
273 1016 297 1055 et
305 1005 388 1071 primis
398 1004 446 1055 uni
455 1017 491 1054 tot
500 1006 561 1055 cede
569 1008 710 1072 peremptis,
773 1026 776 1032 ·

130 1088 292 1150 Serranoque,
301 1087 425 1150 Numlque
436 1103 441 1132 :
453 1085 534 1150 iugens
543 1101 671 1134 concursus
681 1085 710 1134 sd
723 1085 774 1150 ipsa

130 1168 250 1231 Corpora,
260 1164 431 1229 seminecesque
441 1163 514 1223 viros,
524 1163 678 1229 tepidumque
688 1166 774 1213 recenti

131 1245 201 1295 Cede
211 1242 301 1302 loc'uru,
309 1254 333 1291 et
340 1243 423 1309 plenos
432 1242 551 1308 spumanti
561 1243 674 1308 sanguine
684 1244 754 1307 rivos.

131 1323 271 1391 Agnoscunt
280 1322 355 1386 spolia
364 1323 425 1369 inter
434 1338 471 1380 se,
481 1314 618 1387 galeamque
628 1323 744 1378 nitentem,

132 1402 246 1466 Messapi,
256 1412 280 1449 et
289 1401 365 1448 multo
375 1398 482 1465 phaleras
492 1400 577 1449 sudore
587 1412 698 1465 receptas.
738 1444 744 1449 .

123 1488 126 1494 '
172 1485 202 1528 Et
211 1478 259 1544 jam
267 1479 343 1543 prima
351 1494 415 1526 novo
425 1479 548 1545 spargebat
556 1479 646 1526 lumine
656 1491 730 1528 tenus

130 1555 229 1608 Tithoni
239 1574 347 1606 croceum
357 1557 467 1621 linquens
475 1557 671 1618 Aurora‘cubileq

131 1643 185 1688 itm
194 1638 243 1686 sole
252 1634 345 1695 infuso,
354 1635 402 1701 jam
412 1636 483 1684 rebus
491 1635 544 1685 luce
553 1638 657 1693 retectis,

132 1722 227 1766 Turnus
237 1717 262 1763 in
273 1732 336 1763 uma
346 1715 422 1770 viros,
433 1716 503 1763 armis
512 1714 669 1763 circumdatus
679 1716 741 1780 ipse,

131 1797 245 1853 Suscitat,
255 1807 382 1859 mutaque
392 1795 451 1842 acies
460 1795 486 1842 in
494 1795 575 1858 praelia
585 1794 645 1860 cogit
656 1811 662 1840 t

133 1876 240 1939 Quisque
250 1890 318 1932 suos,
328 1873 445 1937 varibque
455 1885 542 1921 acuunt
550 1873 686 1922 rumoribus
696 1872 748 1922 itas.

132 1954 199 2017 Quin
210 1954 259 2017 ipsa
268 1952 361 2009 arrectia
372 1952 439 2015 (visu
448 1951 594 2015 miserabile)
605 1951 630 1999 in
639 1949 713 2000 hastis

132 2027 259 2095 Praefigunt
268 2031 358 2094 capita,
368 2041 391 2077 et
400 2030 477 2078 multo
486 2031 586 2079 clamore
596 2043 742 2096 sequuntur,

132 2109 328 2176 Euryalietttisi.
690 2134 694 2142 ·

170 2187 280 2237 AEneadae
290 2187 344 2237 duri
353 2198 479 2237 murorum¹
488 2189 512 2236 in
522 2201 589 2253 parte
599 2190 694 2240 sinens

131 2269 270 2335 Opposuere
279 2267 365 2327 aciem,
376 2284 431 2316 natu
441 2269 535 2317 dextera
545 2268 646 2334 cingitur
656 2266 733 2327 amni,

131 2352 287 2414 lugentesque
296 2358 377 2397 tenent
387 2347 472 2404 fossas,
482 2360 506 2396 et
515 2348 620 2396 turribus
630 2348 682 2414 altis
757 2379 760 2383 ,

132 2427 198 2477 Stant
208 2426 285 2475 moesti
296 2444 302 2473 ε
312 2427 381 2474 simul
392 2443 432 2474 ora
442 2428 520 2474 virum
530 2423 625 2492 praefixa
635 2425 761 2485 videbant,

131 2509 192 2556 Nota
202 2505 271 2553 nimis
281 2505 384 2563 miseris,
395 2517 493 2569 atroque
503 2505 600 2553 liuentia
611 2505 673 2552 tabo.

171 2576 261 2636 luterell
268 2585 379 2649 pavidam
389 2584 490 2633 volitans
500 2596 602 2649 pennata
611 2599 654 2648 per
663 2583 749 2631 urbem

131 2664 222 2714 Nuntia
232 2664 294 2712 sama
303 2664 363 2721 mit,
373 2663 501 2725 matrisque
511 2663 621 2711 allabitur
631 2678 698 2710 aures
723 2692 725 2697 ·

131 2743 242 2809 Euryali,
252 2759 279 2791 ac
288 2741 380 2791 subitus
390 2743 479 2790 mberae
489 2743 551 2790 calor
561 2758 613 2790 ossa
620 2741 714 2804 reliquit
720 2748 730 2800 ;‘

132 2822 227 2870 Excussi
236 2822 346 2870 manibus
356 2820 428 2879 radii,
438 2822 591 2886 revolutaque
602 2836 675 2887 pensa
686 2836 691 2864 :

131 2901 217 2975 xEvolat
226 2900 323 2961 infelix,
331 2913 355 2949 et
364 2899 465 2948 femineo
474 2900 581 2959 ulcerea,

131 2995 157 3032 v.
172 2981 235 3052 477.
