1974 3772
126 283 180 344 370
332 278 462 341 runnu
481 277 655 326 sinenti

125 382 205 444 thue
216 377 300 427 volans
308 377 356 426 alte
364 389 459 442 rapum
468 377 523 424 erim
531 375 599 424 fulva
608 375 737 426 draconem

125 464 181 510 Fert
191 458 281 523 aquile,
293 455 548 522 implicuitquepades,
558 458 764 523 atqueungnibus
773 457 858 527 baesit3

124 539 222 590 Saucius
232 550 256 586 at
263 553 358 602 turpem
367 537 461 584 sinuosa
471 535 593 584 vobrmina
601 548 693 596 versat,

125 617 273 681 directisque
282 613 362 664 horret
373 616 487 680 aqnamb,
497 627 521 664 et
528 615 608 663 sibilat
614 631 669 675 ore,

126 697 220 746 Arduus
228 696 351 759 insurgens
362 713 368 743 :
379 696 419 743 illa
425 692 493 744 baud
503 694 582 743 minu
591 707 660 760 negt
669 696 768 748 obunoo

125 781 264 825 Luetmtem
273 786 363 835 rosum
372 774 447 827 siruul
454 773 540 823 nabere
546 766 659 823 -verberat
667 775 711 823 alis
723 794 730 823 ε

125 855 194 903 Haud
204 853 270 902 aliter
279 853 384 918 padam
392 853 521 902 Tiburtum
530 869 559 902 aa
567 854 661 919 agmine
669 855 783 906 'l‘arcbon
859 889 862 892 <

122 935 203 982 Portet
211 949 292 982 ovans.
303 934 375 982 Ducis
385 934 519 997 exemplum
529 945 689 998 eventumque
698 936 776 985 wenti

123 1012 245 1062 umarus
255 998 386 1062 insum
396 1014 461 1061 mm
470 1009 523 1060 aas
531 1012 625 1060 aditus
634 1012 716 1062 amm

123 1093 235 1143 Velocem
244 1089 321 1155 jaculo
332 1104 355 1140 et
364 1093 440 1141 multa
449 1091 514 1156 prior
524 1103 572 1140 ane
580 1091 708 1140 Camillam

121 1170 225 1230 Circuit,
236 1184 259 1220 et
268 1187 322 1236 que
331 1172 361 1220 sit
371 1171 466 1220 mutuae
476 1166 594 1227 beillima,
604 1182 688 1220 tentat.

122 1253 179 1313 Qus
189 1267 213 1300 sa
223 1267 325 1316 eumque
334 1249 415 1299 fauens
424 1249 504 1298 medo
512 1249 567 1299 tulit
576 1251 670 1314 agmina
677 1253 760 1317 virgo,

123 1331 173 1378 nte
182 1330 262 1378 Aruns
272 1330 349 1386 subit,
359 1340 383 1377 et
392 1330 476 1378 tacitus
485 1328 581 1392 vmigia
589 1328 674 1378 lustrat
684 1348 691 1378 ι

122 1409 179 1471 Qui
187 1408 270 1456 victrix
279 1408 339 1458 redit
347 1409 399 1466 illa,
408 1408 540 1473 pedemque
549 1423 578 1455 ex
587 1403 655 1456 hoste
665 1420 774 1474 reportat
784 1427 792 1457 z

121 1488 172 1535 Hae
182 1485 275 1551 juvenis
285 1478 368 1536 furtim
377 1487 462 1535 eeleres
471 1487 595 1550 detorquet
603 1483 720 1539 habenas.

122 1571 171 1615 llos
182 1566 271 1625 aditus,
282 1565 377 1632 jamque
386 1564 431 1615 hos
440 1565 530 1623 adime,
540 1581 684 1631 omnemque
693 1581 802 1641 pererrat

121 1638 235 1711 Undique
244 1646 381 1704 circuitum,
392 1657 511 1695 etcertum
521 1645 598 1708 quatit
607 1645 734 1710 improbus
746 1645 845 1697 hastam.
856 1686 859 1695 .

160 1727 231 1773 Forte
241 1741 305 1773 saeer
311 1723 408 1791 Cybelae
418 1722 544 1782 Chloreus,
554 1723 660 1789 olimque
667 1727 790 1786 sacerdos,

121 1804 221 1869 Insignis
230 1805 300 1870 longe
307 1802 416 1869 Phrygiis
426 1801 530 1867 fulgebat
540 1802 564 1849 in
574 1803 658 1863 armis3

121 1883 323 1948 Spumantemque
332 1881 433 1948 agitabat
444 1897 543 1947 equum
552 1897 624 1946 quem
634 1882 704 1946 pellis
714 1881 797 1932 abania

29 2006 31 2013 .
120 1967 149 2011 ln
158 1962 266 2026 plumam
275 1961 380 2025 squamis
390 1977 448 2009 auro
457 1972 562 2009 conserta
572 1961 671 2026 tegebat.

120 2046 185 2106 lpse,
195 2041 317 2105 peregrina
328 2038 444 2104 ferrugine
453 2041 529 2088 clarus
540 2052 564 2088 et
572 2051 650 2100 ostro,

119 2119 214 2185 Spicula
224 2119 349 2183 torquebat
358 2118 431 2185 Lycio
440 2119 557 2186 Gortynia
567 2136 641 2168 cornu
652 2136 658 2166 ε

120 2198 213 2247 Aureus
223 2215 251 2248 ex
260 2196 365 2248 humeris
375 2211 443 2247 sonat
453 2215 532 2257 arens,
543 2212 567 2248 et
577 2199 704 2248 aurea'vati

119 2278 227 2329 Casside:
238 2281 290 2328 tbnl
299 2295 404 2328 croceam
413 2277 609 2346 chlamydemque
618 2279 734 2344 sinusque
743 2293 862 2346 crepantes

119 2357 246 2407 carbaseos
256 2357 323 2407 fulvo
334 2360 359 2407 in
369 2359 460 2408 nodum
469 2359 592 2424 eollegeuat
603 2374 674 2416 aum,

119 2437 197 2485 Pictus
208 2454 251 2485 eeu
261 2439 365 2495 tunicas,
375 2451 398 2488 et
407 2438 506 2486 barbara
514 2439 616 2504 tegmina
625 2454 732 2486 murum.

120 2521 189 2565 Hunc
203 2516 282 2581 virgo,
293 2519 341 2566 sive
350 2529 378 2566 ut
388 2518 481 2583 templis
490 2515 619 2583 praefigeret
629 2533 693 2565 arma

119 2600 201 2656 Troia,
211 2597 305 2661 captivo
315 2598 363 2646 sive
372 2609 400 2645 ut
408 2614 431 2645 se
442 2595 546 2646 semein
556 2612 613 2644 auro

59 2702 64 2711 ·
118 2675 244 2733 venatrix,
252 2694 329 2724 unum
338 2693 367 2724 ex
377 2677 441 2725 omni
451 2677 576 2725 certamine
585 2690 673 2742 pugnae

118 2757 185 2803 Caeca
195 2756 336 2819 sequebatur
343 2768 483 2820 3totumque
494 2757 586 2804 incauta
596 2771 640 2820 per
650 2771 735 2821 agmen

118 2835 231 2881 Femineo
240 2836 326 2899 praedae
335 2847 359 2884 et
368 2836 499 2900 spoliomm
508 2835 603 2884 ardebat
614 2851 701 2882 unere.

118 2914 202 2960 Telum
213 2929 240 2961 ex
251 2915 339 2964 insidiis
348 2916 404 2972 elma
414 2920 508 2966 tandem
518 2927 623 2982 tempore
631 2926 702 2980 capto

119 3009 144 3044 v.
162 2995 225 3061 783.

19 3364 335 3599 q.
