1974 3772
137 275 211 337 ,aea
368 272 498 320 runnu
517 272 687 325 vrncrnn

157 360 385 439 Viperarum-crinem
395 371 459 419 vittis
470 371 554 419 innexa
563 368 672 420 cruentis.
716 378 720 386 '

158 457 187 500 ln
196 451 273 511 medio
284 467 360 499 ramos
370 466 505 516 annosaque
513 448 608 499 brachia
618 449 701 514 pandit

160 533 244 580 Ulmus
254 546 339 596 opace,
347 530 441 594 ingens,
450 545 525 593 quam
532 529 611 578 sedena
618 529 715 579 Somnia
726 531 800 596 vulgis

157 614 226 664 ,Vana
237 621 313 659 tenere
324 608 414 666 serunt,
425 608 534 673 foliisque
544 608 590 656 sub
598 609 709 658 omuibus
721 608 819 661 haerent
901 656 904 662 .

158 691 281 753 Multaque
290 689 401 754 praeterel
411 688 530 736 variarum
538 698 642 739 monstra
652 686 769 750 serarum,

157 767 269 818 Centauri
279 767 304 815 iu
315 766 405 816 foribus
414 767 545 824 stabulant,
556 766 686 833 Scyllaque
695 767 822 829 biformes,

158 850 189 897 Et
199 846 410 911 centumgeminus
420 846 526 895 Briareus
532 834 542 904 ,⁵
549 861 575 893 ac
584 845 664 893 unua
674 849 756 894 Lenm

158 925 309 981 uouendum
319 913 430 982 stridens,
441 923 590 988 flammisque
599 935 688 973 armata
695 922 824 983 Chimaera,

158 1009 294 1071 Gorgones,
304 1004 474 1069 Harpyiaeque,
485 1014 508 1050 et
517 1001 592 1050 forms
602 1003 736 1068 tricorporis
745 1004 843 1056 umbra.
900 1060 903 1065 Ι

148 1082 262 1147 'Corripit
271 1082 311 1132 bio
321 1083 399 1132 subiti
408 1082 515 1146 trepidus
522 1081 646 1130 formidine
655 1081 744 1131 sermm

159 1166 257 1221 AEneas,
267 1162 417 1227 strictamque
429 1161 502 1210 aciem
511 1160 660 1210 venientibus
670 1161 738 1210 offert
748 1178 755 1210 ι

160 1247 203 1301 Et,
214 1242 238 1290 ni
248 1242 315 1291 docta
326 1227 403 1291 comes
413 1253 494 1290 tenues
503 1241 553 1288 sine
561 1255 659 1305 corpore
668 1241 729 1289 vitas

160 1320 293 1370 Admoneat
303 1321 399 1369 uolitare
409 1321 466 1368 cavi
475 1319 521 1367 sub
530 1319 630 1384 imagine
638 1318 732 1378 formae,

160 1403 249 1458 Irruat,
260 1412 283 1447 et
293 1397 378 1448 fnuttd
389 1398 449 1447 ferro
459 1398 591 1448 diverberet
597 1399 703 1447 umbras)

199 1477 260 1526 Hinc
270 1479 309 1527 via
317 1478 421 1527 Tartarei
431 1493 484 1544 quas
494 1477 538 1526 sert
548 1475 687 1529 Acherontis
697 1476 812 1547 aduodes
824 1497 830 1526 ι

159 1557 279 1607 Turbidus
289 1555 328 1607 laic
337 1572 405 1606 coeno
416 1560 527 1623 vastique
537 1558 647 1623 vongine
656 1572 739 1624 gurges

159 1640 265 1710 AEstuat,
275 1649 345 1703 atque
355 1653 451 1685 omnem
460 1640 550 1702 Cocyto
560 1647 649 1685 eructat
658 1651 760 1685 arenam

160 1718 260 1764 Portitor
271 1713 313 1765 has
323 1714 454 1770 horrendus
461 1729 533 1781 aquas
543 1727 566 1763 et
576 1713 675 1764 flumina
685 1727 763 1764 servat

159 1795 268 1844 Terribili
278 1796 386 1861 squalore
396 1791 503 1854 Charon,
513 1794 551 1843 cui
561 1795 664 1859 plurima
672 1807 755 1843 mento
784 1836 788 1845 ,

159 1874 262 1924 Canities
272 1875 359 1923 inculta
368 1873 440 1938 jacet;
453 1887 514 1924 stant
522 1873 613 1922 lumina
624 1871 736 1932 flammi)

160 1953 272 2002 Sordidus
282 1969 309 2000 ex
319 1950 423 2002 humeris
433 1954 497 2002 nodo
505 1952 623 2018 dependet
635 1953 742 2000 onustus.

161 2036 212 2096 Ipse
222 2044 295 2080 ratem
305 2044 375 2081 conto
384 2025 485 2098 subigit,
495 2033 599 2097 velisque
608 2032 740 2090 ministrat,

161 2113 190 2159 Et
200 2109 331 2174 ferruginei
340 2112 462 2161 subvectat
471 2128 568 2176 corpora
576 2111 663 2177 cymba
674 2128 680 2158 ε

160 2194 213 2238 Jcm
223 2190 313 2251 senior;
324 2191 366 2239 sed
374 2192 446 2240 cruda
457 2195 506 2239 Deo
516 2190 643 2254 viridisque
653 2201 767 2238 senectus.

161 2271 212 2317 Illac
222 2269 299 2317 omnis
309 2269 379 2318 turba
389 2270 419 2318 ad
429 2269 491 2334 ripas
501 2269 574 2318 effusa
583 2268 666 2317 ruebat
676 2286 684 2316 ι

160 2351 258 2406 Matres,
269 2359 339 2412 atque
349 2349 406 2406 viri,
417 2349 572 2413 defunctaque
583 2362 680 2413 corpora
694 2341 743 2395 vital

159 2427 337 2492 Magnanimum
346 2425 459 2483 heroum,
469 2429 549 2491 pueri,
559 2427 713 2490 innuptaeque
722 2424 822 2489 puelle,

160 2505 314 2570 Impositique
324 2507 384 2570 rogis
394 2503 491 2568 juvenes
502 2518 555 2554 ante
565 2522 606 2553 ora
615 2516 759 2569 parentum,

161 2587 240 2648 Quam
250 2585 325 2632 multa
335 2585 360 2632 in
371 2584 435 2632 silvis
445 2586 554 2634 autumni
564 2583 648 2648 frigore
658 2583 737 2647 primo

160 2667 235 2728 Lapsa
246 2662 333 2712 cadunt
344 2659 410 2724 folia3
421 2677 462 2713 aut
472 2665 502 2712 ad
511 2677 597 2712 terram
607 2663 698 2728 gurgite
705 2662 736 2709 ab
746 2654 795 2710 alto*

159 2737 241 2806 Qulm
251 2744 331 2790 multae
341 2744 500 2807 glomerantur
509 2760 572 2802 aves,
583 2743 626 2792 ubi
635 2739 735 2805 frigidus
745 2756 822 2789 annus

159 2825 234 2868 Trans
242 2832 344 2885 pontum
353 2822 432 2887 sugat,
442 2834 465 2871 et
476 2823 541 2870 terris
549 2821 655 2870 immittit
664 2819 757 2884 apricis.

160 2899 257 2949 Stabant
267 2912 359 2951 orantes
368 2901 438 2968 primi
449 2902 604 2951 nanemittere
613 2908 722 2960 cllisltm,

161 2996 186 3031 v.
200 2981 265 3030 313.

19 3278 320 3575 m
