1974 3772
136 342 169 411 vj
385 336 620 391 staurari

126 478 129 484 .
139 437 351 508 Epigrammata,
363 447 389 486 et
399 435 488 499 Diras3
500 447 526 487 et
537 434 670 497 Culicem,
682 429 743 487 crim
753 446 822 486 esset
832 451 880 487 au-

139 536 240 573 norum
249 514 421 591 quindecim,
431 510 509 589 cujus
519 520 631 572 materia
644 518 706 570 talis
717 531 756 571 est
767 538 774 568 ι
786 521 881 572 Pastor

138 602 267 678 fatigatus
287 601 445 667 restu,ci1m
463 601 515 655 suh
529 601 625 656 arbore
643 600 824 656 obdormisset
833 597 842 669 ‚'
855 617 882 656 et

140 704 248 760 serpeus
260 685 295 740 ad
309 688 389 740 illum
402 701 559 760 proreperet
570 687 584 738 ὲ
600 685 700 759 palude
708 679 722 762 ,ἱ
728 688 807 740 culex
817 705 882 758 pro-

138 773 259 837 volavit,
279 784 360 844 atque
379 774 450 824 inter
467 771 524 825 duo
540 785 662 844 tempora
680 773 804 825 aculeum
822 770 881 824 fixit

139 858 251 930 pastori.
263 858 298 911 At
311 857 359 909 ille
372 859 504 909 continuo
515 858 629 909 culicem
646 858 791 920 contrivit,
801 871 828 910 et
842 859 881 909 vi·

139 959 198 995 oum
210 954 360 1013 serpentem
371 943 522 1006 interemit,
532 959 563 994 ac
574 943 727 1013 sepulcrum
737 941 819 994 culici
830 955 881 994 sta·

139 1029 194 1100 tuit
201 1031 247 1107 ,et
257 1024 395 1078 distichon
407 1025 469 1078 fecit
480 1047 486 1076 ε

139 1132 214 1180 Parve
222 1130 303 1189 culex,
313 1131 433 1196 pecudum
442 1141 521 1180 custos
530 1129 573 1178 tibi
584 1129 630 1178 tale
639 1130 739 1178 merenti

177 1210 279 1259 Funeris
288 1207 405 1270 officium,
415 1209 469 1260 vitoe
478 1216 523 1275 pro
532 1225 642 1268 munere,
653 1208 736 1258 reddit

182 1311 324 1365 Distichon
331 1355 337 1378 ‚
345 1311 536 1386 quodlaudem
545 1311 755 1384 felicitatemque
765 1314 878 1385 Augusti

138 1396 313 1463 continebat,
328 1398 422 1470 palatii
436 1395 539 1449 foribus
554 1394 651 1461 affixit,
664 1415 723 1448 =non
738 1399 879 1450 nominato

139 1495 249 1533 auctore
260 1502 266 1531 z
658 1484 662 1495 “

137 1644 140 1649 ,
177 1587 251 1634 Nocte
260 1585 324 1648 pluit
332 1554 503 1644 totl‚redeunt
514 1586 646 1651 spectacula
654 1602 739 1635 mane:
775 1621 778 1627 .

218 1663 326 1721 Divisum
337 1665 464 1740 imperium
472 1682 529 1715 cum
538 1672 596 1716 Jove
606 1669 683 1715 Caeser
690 1665 769 1719 hahet.

139 1760 194 1815 Diis
209 1766 356 1836 quaeritans
372 1769 509 1838 Augustus
525 1765 667 1836 cujusnam
685 1765 713 1816 hi
729 1783 822 1819 versus
839 1782 879 1818 es·

137 1861 212 1909 sent,
225 1866 318 1900 eorum
335 1863 472 1901 auctorem
483 1868 538 1902 non
556 1848 719 1904 inveniebat.
736 1844 878 1923 Ba'thyllus

138 1933 219 1994 vero,
236 1935 316 2004 polita
329 1932 442 2005 quidam
458 1933 617 1998 mediocris,
633 1926 786 1987 tacentibus
802 1934 878 1998 aliis,

139 2008 353 2093 sibibadscripsit.
362 2017 542 2084 Quamobrem
549 2018 878 2092 donatus-honoratusque

138 2101 265 2155 ceastre
277 2098 337 2154 suit.
348 2102 429 2167 Quod
439 2121 518 2175 aequo.
527 2107 616 2156 auimo
628 2122 683 2156 non
693 2103 779 2155 ferens
790 2106 880 2176 Virgi-

138 2186 207 2249 lius,
220 2184 316 2238 iisdem
327 2188 414 2242 valvis
427 2186 510 2240 affixit
520 2201 617 2261 quater
631 2187 682 2240 hoc
697 2189 879 2260 principium,

136 2269 184 2338 ¹Sic
192 2290 241 2349 ‘vos
253 2292 302 2323 aon
313 2277 394 2324 vobis.
406 2263 565 2327 Postulabat
580 2277 717 2346 Augustus
733 2286 765 2324 ut
780 2271 809 2323 hi
822 2292 878 2328 ver.-

137 2358 402 2434 'suscomplerentuu
416 2358 497 2425 Quod
508 2356 570 2411 crim
580 2357 679 2410 frustra
690 2358 776 2429 aliqui
786 2359 879 2410 conati

55 2471 58 2475 ·
138 2452 238 2505 essent,
248 2442 379 2518 Virgilius
389 2445 535 2515 preposito
547 2441 664 2496 disticho
674 2444 712 2493 sic
722 2441 878 2514 subjunxit:

177 2555 228 2599 llos
238 2565 281 2616 ego
290 2552 417 2602 versiculos
427 2552 484 2614 feci,
494 2554 550 2604 tulit
559 2555 618 2603 alter
627 2553 736 2604 honores.

177 2630 215 2677 Sic
225 2647 268 2678 vos
277 2648 326 2680 non
337 2630 539 2683 vohiarridificutis
549 2650 611 2683 aves.

177 2709 215 2757 Sic
228 2726 271 2758 voa
281 2727 329 2760 uon
340 2711 408 2761 vobit
417 2713 504 2762 vellera
513 2711 578 2761 sertis
587 2728 650 2760 ovet.

177 2786 215 2835 Sic
225 2804 268 2836 vos
278 2802 327 2845 uon
336 2788 405 2837 vobis
414 2787 552 2839 mellificatis
563 2806 632 2856 apes:

178 2867 216 2914 Sic
225 2883 268 2915 vos
277 2883 326 2916 nou
336 2867 404 2930 vobis
414 2867 478 2917 fertis
488 2881 563 2918 aratro
572 2870 653 2919 boves.

138 2963 200 3030 Quo
211 2967 336 3039 cognito,
352 2966 514 3043 aliquandiu
529 2967 671 3044 Bathyllus
687 2971 777 3024 llomae
787 2963 877 3031 solsula

19 3390 204 3536 sn.
