1974 3772
156 233 251 309 112¹
361 260 681 312 runnnvrnorntr
764 314 774 335 4

151 362 298 409 Germanum
308 354 399 422 fugiens
410 356 495 421 :longa
505 367 539 403 est
547 354 646 418 injurio,
656 355 732 421 longo}
765 346 772 407 :¹¹

151 438 281 502 Ambages;
292 437 333 484 sed
343 452 435 483 summa
447 451 531 498 sequar
540 435 630 498 fastigio
640 448 726 504 rerum.
741 486 745 493 ,
759 430 765 471 -’

124 544 130 551 ·
142 548 152 553 ··
191 518 251 566 Huic
260 514 347 579 conjux
356 512 459 563 Sichtnus
468 502 530 571 erat,
541 513 668 561 ditissimus
678 513 727 578 egri

119 626 121 643 2
150 594 303 653 Phoenicum,
314 606 337 642 et
346 611 431 658 magno
441 593 530 640 misera
540 592 637 657 dsseotna
647 604 741 642 amore:

150 675 196 726 Cui
205 687 272 741 pater
282 675 392 721 intactam
402 672 509 729 dederat,
517 671 645 736 primisque
655 670 747 737 jugaret

149 753 283 802 Ominibus.
295 752 340 800 sed
350 768 420 817 regna
428 751 487 816 Tyri
496 766 621 814 germanus
628 749 732 798 habebat

150 832 302 898 Pygmalion,
313 831 397 877 scelere
407 838 460 877 ante
471 829 528 876 alios
538 829 662 876 immanior
672 846 760 879 omnes.

151 915 218 974 Quos
229 909 390 958 intermedius
400 908 465 956 venit
474 908 540 956 furor
550 925 555 953 z
567 908 605 955 ille
616 905 732 957 sichaeum

150 990 241 1054 Impius
251 1001 304 1037 ante
314 1005 376 1045 arus,
387 1000 457 1051 atque
467 987 518 1035 auri
528 1003 601 1035 raecus
611 1003 702 1049 amore,

149 1069 217 1121 ,Cllm
228 1067 288 1116 ferro
298 1069 420 1114 incautum
428 1078 536 1130 superat,
546 1083 758 1159 seemusupiorum

150 1151 288 1219 Germnnae5
299 1147 434 1235 saetffque
444 1145 591 1234 dilgselgvit,
598 1158 624 1215 et
634 1162 732 1210 aegram,

149 1207 226 1276 niolo
235 1202 312 1275 milne
321 1225 447 1284 simulans,
457 1226 518 1272 venti
527 1240 568 1289 spe
578 1206 635 1272 liriit
646 1204 771 1275 emtintem.

149 1310 203 1370 lpse
214 1305 254 1354 sed
264 1306 289 1353 in
299 1305 386 1353 somnia
397 1302 514 1351 inhumati
523 1305 588 1352 venit
597 1304 674 1369 imago

149 1382 263 1448 Coniugio
269 1418 275 1441 ,
282 1400 325 1432 ore
333 1383 410 1431 modin
420 1383 527 1431 attollens
537 1383 625 1448 pallida
633 1383 712 1432 mitit:

148 1462 262 1512 Crudeles
272 1478 322 1510 aras
333 1460 473 1525 traiectaque
483 1474 577 1525 pectora
586 1461 648 1513 serre

149 1541 267 1601 Nudevit,
277 1556 411 1605 cetumque
419 1541 504 1590 domus
514 1542 588 1590 scelus
596 1557 666 1590 omne
677 1546 766 1592 retexit.

72 1654 75 1660 -
148 1622 212 1670 Tum
221 1621 319 1669 celerare
329 1621 411 1684 sugam
419 1621 541 1685 patrilque
552 1621 661 1670 excedere
670 1621 766 1682 eunden

149 1693 320 1764 Auxiliumque
330 1699 374 1748 vite
383 1712 472 1749 veteres
482 1701 565 1749 tellure
575 1699 674 1748 recludit

147 1777 294 1838 Thesauros,
305 1780 412 1845 ignotum
423 1780 511 1847 argenti
520 1780 616 1845 pondus
625 1791 649 1829 et
658 1779 717 1830 auri.

150 1859 192 1907 Hie
202 1871 331 1918 oonunote,
341 1857 422 1924 sugam
432 1860 493 1908 Dido
502 1860 623 1924 sociosque
633 1859 739 1923 perolent

148 1938 313 1994 Conveniunt,
323 1937 411 2002 quibus
421 1950 462 1987 eut
471 1939 553 1993 odium
563 1938 657 1987 crudele
667 1936 775 2004 tyranm,

148 2017 199 2064 Aut
207 2026 284 2066 metue
294 2031 345 2064 noer
355 2029 404 2065 erat
414 2035 420 2063 :
430 2034 513 2077 neves,
523 2034 577 2081 quae
588 2016 647 2065 sorte
656 2028 757 2081 parate,

148 2095 300 2160 corripiunt,
309 2108 455 2160 onerantque
465 2113 523 2144 auro
534 2114 540 2142 z
550 2106 675 2160 portantur
687 2096 752 2143 everi

147 2174 307 2239 Pygmalionis
317 2190 373 2240 opee
383 2176 465 2242 pelago
476 2193 482 2222 r
494 2176 543 2223 dux
553 2174 639 2222 semine
648 2174 710 2222 facti.

148 2255 269 2302 Devenere
278 2254 341 2303 looos
351 2254 394 2303 ubi
404 2271 467 2304 nuuc
478 2255 580 2319 ingentia
590 2269 669 2302 cernet

148 2333 247 2390 Moenia,
258 2346 438 2399 surgentemque
449 2350 517 2382 novoe
525 2331 672 2399 Carthaginis
681 2349 769 2393 teroem,

147 2412 291 2476 Mereatique
300 2413 390 2472 solnm,
401 2411 456 2462 faeti
465 2413 495 2462 de
504 2414 600 2462 nomine
610 2417 721 2478 Byrsam,

146 2489 251 2539 Taurino
262 2493 379 2554 quantum
388 2505 483 2556 possent
493 2493 636 2542 ciremndare
646 2489 718 2556 tergo.

148 2569 193 2617 Sed
203 2586 245 2617 vos
255 2570 297 2634 qui
308 2569 419 2619 tandem?
430 2573 518 2637 quibua
526 2584 567 2620 aut
577 2571 672 2619 venistis
682 2570 714 2618 ab
725 2569 789 2620 oris?

147 2649 234 2712 Quove
245 2651 327 2697 tenetis
337 2649 397 2698 iter?
409 2651 530 2713 Querenti
540 2652 627 2699 talibus
637 2651 676 2699 ille

146 2728 284 2792 suspirans,
293 2729 388 2793 imoque
398 2727 492 2779 trahens
502 2733 516 2778 l
525 2743 618 2795 pectore
628 2744 710 2778 vocem
721 2746 727 2776 ε

96 2843 98 2847 ‚
147 2809 168 2853 0
180 2810 240 2867 Dea,
250 2808 270 2857 ei
280 2807 356 2873 priml
365 2820 472 2873 repetens
482 2809 513 2857 ub
523 2809 611 2874 origine
620 2823 730 2874 pergam,
763 2840 767 2847 -
823 2807 829 2841 -’

147 2887 177 2935 Et
187 2897 252 2937 vacet
262 2887 357 2936 annales
367 2899 501 2938 nostrorum
511 2888 592 2937 audire
601 2887 723 2946 laborum,

148 2984 173 3037 v,
186 2969 250 3039 373.
