1974 3772
178 257 231 313 250
386 262 516 309 euenit
536 260 709 311 Vlltclhtl

177 365 256 428 Atque
265 357 352 410 harum
360 359 455 410 ell'nltus
464 370 528 424 tergo
537 356 662 421 sonusque
672 354 763 419 jacebat

177 441 319 496 Velleribus.
330 440 412 488 Subita
422 455 450 488 ex
459 439 507 487 alto
517 454 564 487 vox
573 436 663 488 reddite
675 435 729 485 luco
740 448 774 485 est
785 454 790 483 :

177 524 212 571 Ne
222 533 275 586 pete
285 519 408 568 connubiis
418 530 499 567 notam
508 517 594 565 sociem
605 517 707 575 Latinis,

177 604 199 650 0
209 616 260 648 moe
268 597 403 664 progenies,
413 596 522 647 thelame
532 613 580 646 neu
589 596 656 644 crede
666 599 759 660 paratis.

178 679 273 728 Externi
283 679 383 726 veniunt
390 677 482 743 generi,
492 677 534 740 qui
544 676 658 741 sanguine
668 687 774 724 nostrum

178 760 269 807 Nomen
279 757 304 804 in
314 769 375 807 astra
384 756 469 814 ferent,
479 770 629 820 quorumque
638 756 669 803 ab
679 757 751 820 stirpe
761 769 859 819 nepotes

175 838 263 891 Omnia
273 835 319 886 sub
328 836 442 901 pedibus,
450 837 499 900 qul
508 835 544 884 sol
554 847 682 898 utrumque
692 843 814 884 recurrens

177 916 268 980 Aspicit
277 918 411 975 Oceanum,
421 916 529 980 vertique
539 916 634 980 regique
645 913 771 962 videbunt

217 999 272 1043 Haec
282 1008 396 1059 responsa
403 995 476 1060 patris
486 994 576 1053 Fauni,
585 995 738 1058 monitusque
747 995 824 1042 silenti

177 1075 249 1142 Nocte
259 1073 339 1132 datos,
347 1091 396 1123 non
406 1074 456 1139 ipse
466 1088 509 1123 suo
519 1073 606 1137 premit
614 1090 654 1121 ore
666 1074 778 1131 Latinus3

177 1153 223 1202 Sed
233 1153 320 1202 circum
329 1153 376 1201 late
386 1153 486 1203 volitans
496 1151 543 1216 iam
552 1153 615 1200 suma
624 1168 667 1217 per
674 1152 744 1201 urbes

176 1231 294 1281 Ausonias
304 1232 402 1290 aflerat,
411 1234 467 1281 clim
476 1231 643 1280 Laomedontia
652 1231 728 1295 pubes

177 1313 306 1361 Gramineo
315 1312 372 1376 ripae
381 1311 488 1375 religavit
497 1311 528 1358 sb
538 1326 619 1375 aggere
629 1311 731 1358 classem.
764 1367 767 1375 .

176 1393 274 1448 AEneas,
284 1391 402 1454 primique
411 1390 495 1447 duem,
505 1401 528 1437 et
537 1386 636 1454 pulcher
647 1389 714 1437 Iiilus

175 1470 281 1533 Corpora
291 1467 336 1517 suh
346 1469 416 1519 ramis
425 1469 549 1533 deponunt
558 1469 648 1516 arboris
658 1467 724 1525 altre;

176 1547 354 1612 lustitunntque
364 1548 449 1612 depes,
458 1559 483 1595 et
490 1546 574 1597 adorea
583 1545 631 1594 liba
639 1561 682 1610 per
692 1543 791 1595 herbum

176 1624 311 1690 subjiciunt
321 1627 396 1691 epulis
407 1626 457 1691 (sic
467 1626 576 1690 luppiter
586 1626 635 1689 ipse
645 1626 758 1674 monebat
767 1626 789 1687 )‚

162 1718 166 1723 “
176 1709 208 1755 Et
217 1705 311 1755 Cereale
321 1705 398 1755 solum
408 1705 485 1770 pomis
495 1705 624 1768 agrestibus
633 1716 727 1770 sugent.

175 1784 329 1849 Consumptis
339 1782 379 1833 liic
389 1784 448 1833 sorte
458 1783 521 1843 aliis,
531 1794 560 1832 ut
567 1794 657 1832 vertere
666 1800 759 1832 morsus

175 1863 293 1929 Exiguam
301 1865 327 1911 in
335 1866 444 1912 Cererem
453 1864 552 1928 penurie
560 1863 637 1928 adegit
647 1863 744 1920 edendi,

176 1944 207 1989 Et
218 1942 304 1989 violare
313 1957 388 1990 menn
396 1943 511 2006 malisque
520 1941 648 1991 audacibus
658 1942 741 1989 orbem

176 2021 262 2068 Fatalis
272 2020 355 2077 nunti,
365 2019 454 2084 patulis
462 2036 505 2068 nec
514 2037 608 2085 parcere
618 2021 713 2085 quadris
724 2039 730 2067 :

177 2099 254 2146 Heus!
266 2099 336 2147 etiem
345 2115 437 2149 mensas
446 2100 621 2158 consumimus,
632 2102 709 2164 inquit
720 2101 792 2148 liilus.

176 2180 223 2226 Nec
233 2177 302 2242 plura
312 2177 425 2228 alludens.
438 2183 471 2228 Ea
481 2196 528 2228 vox
538 2179 617 2228 audita
627 2181 737 2228 laborum

176 2256 318 2306 primaeuus
328 2254 411 2316 susem,
422 2260 570 2325 primamque
580 2259 698 2324 loquenn's
708 2259 739 2307 nb
748 2276 788 2308 ore

176 2336 270 2401 Eripuit
279 2348 345 2401 pater
349 2374 358 2403 ,
368 2355 395 2386 ac
405 2341 550 2404 stupefactus
560 2339 658 2388 numine
667 2340 756 2404 pressit

175 2416 296 2465 Continuo
306 2434 312 2463 ε
322 2416 403 2474 Solve,
414 2415 467 2466 fotis
476 2417 536 2466 mihi
546 2419 625 2467 dehita
635 2419 717 2477 tellus;

176 2497 285 2559 Vosque,
295 2495 363 2555 ait,o
374 2494 415 2544 lidi
424 2495 514 2561 Troius,
523 2498 623 2551 salvete,
633 2501 737 2546 Penates.

176 2574 220 2622 Hic
230 2575 327 2633 domus,
338 2573 388 2624 hec
397 2578 474 2640 patris
482 2590 524 2626 est„
537 2577 636 2626 Genitor
644 2575 703 2625 mihi
714 2576 785 2639 tolia(
795 2593 837 2624 nm·

176 2655 244 2701 Nunc
253 2655 348 2719 repeto)
360 2653 473 2705 Anchises
482 2659 586 2705 fatorum
597 2673 680 2706 arcana
689 2656 784 2720 reliquit
793 2675 798 2703 :

175 2733 237 2782 Cum
247 2745 283 2792 te,
293 2745 360 2793 note,
369 2736 443 2785 lomes
453 2737 533 2801 ignota
542 2736 572 2785 ad
582 2737 660 2785 littora
670 2748 764 2784 vectum

178 2811 263 2859 Aocisis
273 2815 450 2881 cogetdapibns
468 2833 606 2866 consumere
613 2832 718 2870 mensas.

173 2890 237 2938 Tlrm
247 2907 339 3020 {serare
348 2894 431 2947 domos
439 2895 556 2958 umus,
566 2897 648 2962 ibique
656 2905 774 2964 memento

175 2989 199 3021 r.
219 2987 250 3019 ra
273 3008 279 3021 .

56 3276 62 3285 ·
96 3302 118 3319 ιΙ

143 3340 147 3345 ⁸
165 3346 173 3355 Ι
191 3334 203 3345 -
423 3342 431 3351 1

224 3366 247 3385 f·

242 3416 295 3467 Ἧι
321 3412 331 3453 ¹¹
387 3458 394 3465 .

275 3490 290 3535 i.
