1974 3772
188 219 240 296 aaa
394 247 524 294 ruauii
544 246 716 297 viaeitii

188 350 310 412 Ingentem
318 348 415 393 AEnean.
426 345 524 394 Gemuit
533 348 578 392 sub
588 339 690 408 pondere
700 345 784 410 cymba

187 425 281 484 Sutilis,
292 437 315 473 et
324 424 424 472 multam
433 424 521 489 aceepit
530 423 615 471 rimosa
624 422 742 488 paludem.

177 505 292 554 ‚Tandem
302 516 365 552 uuus
376 502 477 552 fluvium
487 501 615 551 incolumes
623 513 747 568 vatemque
755 501 886 570 uirumque

187 582 285 633 lusormi
290 583 348 631 limo
357 583 486 648 glaueiique
497 583 592 645 exponit
602 582 627 629 iu
637 581 700 630 ulva

185 664 302 712 Cerberus
311 660 361 710 biec
372 662 454 726 ingens
463 662 550 710 latratu
559 677 629 727 regua
639 657 731 710 trifauci

187 731 310 799 Personat,
321 741 419 789 adverso
429 740 544 788 recubans
553 739 662 792 immanis
672 740 697 787 iu
707 752 783 789 anuo.

186 821 232 870 Cui
242 832 306 883 vates
312 854 319 877 ,
328 816 424 867 horrere
434 818 516 867 videns
526 815 574 880 jam
582 818 640 865 eolla
651 819 767 879 colubris,

185 900 256 950 Melle
264 910 397 964 soporatam
407 909 430 946 et
439 896 561 945 medicatis
568 893 675 962 stugibus
683 897 753 946 offam

185 975 275 1041 Objieit
285 977 353 1037 :ille,
362 977 423 1025 fame
433 975 516 1024 rabida
525 975 569 1023 tria
578 987 672 1040 guttiua
682 976 802 1042 pandens,

186 1057 290 1122 Corripit
298 1053 427 1120 objectam,
437 1067 507 1121 atque
517 1054 628 1103 unmania
638 1066 701 1120 terga
712 1057 808 1105 resolvit
901 1116 910 1131 Ι

187 1138 265 1186 Fusus
274 1133 355 1194 humi,
364 1147 462 1199 totoque
470 1134 551 1200 ingens
561 1134 694 1184 extenditur
703 1147 778 1184 antio.

185 1218 292 1280 Occupat
301 1219 386 1263 AEneas
396 1213 499 1273 aditum,
509 1214 604 1263 custode
614 1215 720 1279 sepulto,

186 1295 319 1358 Evaditque
329 1294 389 1342 celer
398 1294 473 1357 ripam
484 1293 635 1342 irremeabilis
644 1294 721 1342 imdae.

225 1373 345 1421 Continuo
354 1371 440 1420 audita
449 1386 530 1429 vooes,
540 1373 633 1438 vaginis
640 1383 665 1420 et
672 1373 768 1437 iugens,

186 1451 353 1513 infantumque
364 1449 447 1499 auimae
457 1449 540 1501 flentes
549 1451 575 1499 iu
583 1451 766 1516 liminepriuto3

186 1534 254 1595 Quos
264 1529 339 1578 duleis
348 1528 403 1578 vitas
412 1541 525 1589 exsortes,
536 1541 559 1579 et
568 1520 599 1577 ab
608 1529 681 1602 ubere
691 1520 781 1596 raptos}

183 1609 292 1658 'Abstulit
301 1621 351 1659 atra
360 1608 422 1667 dies,
432 1621 456 1658 et
463 1609 546 1658 funere
555 1609 635 1658 mersit
645 1609 737 1658 acerbo.

184 1691 234 1738 Hos
244 1686 310 1752 juxta
319 1688 378 1737 falso
387 1687 491 1738 damuati
501 1688 597 1736 crimine
607 1688 696 1737 mortis.

224 1771 272 1817 Nec
281 1768 337 1816 vero
347 1764 385 1815 hae
395 1768 445 1816 sine
454 1778 516 1816 sorte
525 1767 598 1827 deta,
607 1767 658 1815 siae
667 1762 744 1830 judioe
750 1801 757 1825 ,
768 1767 839 1816 sedas.

186 1847 303 1910 Quaesitor
324 1847 400 1896 Minos
410 1863 495 1896 urnam
503 1857 595 1895 movet:
606 1847 645 1894 ille
655 1847 767 1896 silentum
820 1852 823 1859 '

184 1926 364 1991 Couciliumque
374 1937 454 1984 vocat,
464 1926 571 1992 vitasque
581 1937 604 1975 et
613 1925 711 1975 erimina
720 1926 795 1975 discit.

224 2005 331 2052 Proxima
342 2004 426 2053 deiude
435 2016 516 2054 tenent
525 2005 603 2054 moesti
611 2006 673 2063 loca,
682 2005 726 2070 qui
735 2005 781 2054 sibi
790 2005 865 2054 letum

184 2088 292 2133 lasootes
302 2085 413 2150 peperere
422 2099 508 2143 mauu,
518 2085 639 2149 lucemque
648 2083 727 2150 perosi

184 2161 303 2226 Projeeere
314 2163 408 2211 animas.
422 2165 501 2226 Quim
510 2164 599 2212 vellent
607 2160 692 2212 aethere
702 2163 729 2210 in
739 2163 787 2212 alto

184 2243 252 2290 Nunc
262 2255 285 2289 et
294 2241 431 2307 pauperiem
441 2255 464 2290 et
474 2242 545 2290 duros
555 2241 770 2307 perferrelabores!

184 2323 241 2369 raa
252 2321 359 2377 ousiam,
369 2322 477 2387 tristique
485 2308 554 2386 pirus
564 2321 697 2369 inamabilis
706 2321 771 2369 unii

183 2399 283 2464 affligat,
294 2413 317 2448 et
327 2402 407 2447 novies
418 2405 476 2466 Styx
486 2399 599 2449 interfusa
608 2403 707 2449 eoireet.

223 2481 269 2526 Nec
279 2480 361 2542 procul
372 2477 427 2527 hine
436 2492 527 2545 partem
536 2480 583 2528 fusi
592 2491 755 2528 monstrantur
764 2479 791 2526 iu
798 2491 890 2527 omnem

183 2561 300 2623 Lugentes
308 2559 398 2622 eampi;
409 2559 441 2606 sic
451 2559 503 2606 illos
514 2560 609 2608 nomine
617 2559 706 2608 dicunt

184 2639 228 2685 Hie
237 2654 297 2702 quos
307 2637 380 2686 durus
391 2654 456 2687 amor
465 2622 617 2686 crudelitabe
626 2637 718 2702 peredit

183 2717 268 2767 Secreti
278 2717 353 2766 celant
362 2717 443 2775 ealles,
453 2730 476 2766 et
485 2730 576 2782 myrtea
586 2718 673 2766 circiun

183 2794 245 2843 Silva
256 2796 325 2863 tegit;
336 2813 398 2845 curae
408 2813 455 2843 nou
466 2797 516 2861 ipsi
526 2798 550 2844 iu
558 2809 634 2852 morte
645 2796 791 2858 relinquunt

183 2876 224 2922 His
235 2873 358 2933 Phaedram
367 2875 509 2942 Procriuque
518 2876 588 2936 loeis,
598 2886 755 2938 moestamque
767 2869 892 2939 Eriphylen

183 2975 207 3004 v.
228 2957 259 3016 44
264 2955 289 3005 5.

55 3282 334 3597 1,,
