1974 3772
224 217 226 221 ·
296 207 423 256 AENEIS.
444 209 511 258 ΜΒ.
532 211 612 262 vlu.
774 224 823 277 275

85 290 147 356 Tum
156 297 216 355 mihi
224 307 301 372 prima
310 323 380 372 genos
390 308 491 356 vestibat
500 307 557 357 ssora
567 306 677 371 juventu,

85 387 234 452 Mirabarque
244 386 315 436 duces
324 391 439 446 Teucros,
449 387 551 439 mirabar
561 400 585 436 et
594 388 673 452 ipsum

85 465 299 514 Laomedontiaden
310 483 316 513 ε
327 466 368 514 sed
378 466 468 514 cunctis
478 467 546 515 altior
556 467 605 531 ibpt

84 543 204 593 Anchises.
216 541 275 595 Mihi
284 561 351 593 mens
360 543 458 615 iuuenili
468 545 564 594 ardebat
573 561 651 594 amore

84 624 231 689 Compellare
241 623 332 683 vinum,
340 635 363 673 et
371 623 457 674 daca
467 623 608 689 conjungere
618 625 732 677 domm,

84 703 189 761 Accessi,
199 715 222 750 et
231 703 331 767 cupidus
341 700 429 752 Phenei
438 703 485 752 sub
493 705 580 752 moeuia
590 704 654 755 duxi.

84 783 125 830 Ille
136 779 194 829 mihi
205 781 320 845 insignem
329 780 464 847 pharetram
474 783 603 850 Lyciasque
614 785 709 848 sagittas

84 861 220 918 Discedens,
229 859 425 926 chlamydemque
435 878 492 911 auro
503 862 567 912 dedit
577 864 725 913 intertextam
731 900 738 923 ‚

83 944 206 1004 Frenaque
214 940 283 998 bina,
294 957 361 989 meus
371 957 424 1005 quat
434 958 498 991 nunc
506 939 578 991 habet
587 958 656 991 aurea
667 943 749 991 Pallas.

81 1024 143 1083 Ergo
155 1031 178 1067 et
186 1036 259 1083 qnam
268 1019 346 1085 petitis
357 1018 436 1082 juncta
446 1032 481 1070 est
489 1018 549 1069 mihi
562 1021 649 1070 fodere
659 1021 738 1070 dextra
750 1038 756 1070 t
806 1015 808 1018 ¹

81 1103 125 1155 Et,
135 1098 240 1146 taxeam
250 1098 355 1163 priminu
365 1100 431 1148 terris
441 1115 466 1147 se
475 1099 575 1147 crastina
584 1098 678 1158 reddet,
736 1159 738 1164 Ι

81 1175 176 1225 Auxilio
186 1177 252 1224 laetos
262 1177 391 1234 dimittam,
401 1177 534 1241 opibusque
543 1174 640 1239 juvabo,
703 1208 711 1216 -
774 1204 778 1212 ·

82 1257 172 1304 Intereh
181 1272 244 1304 sacra
255 1253 315 1316 base,
324 1255 420 1320 quandh
428 1253 476 1305 hoc
485 1255 581 1304 venistis
592 1255 672 1314 amici,

46 1373 50 1378 Α
80 1333 181 1391 Annua,
191 1350 244 1400 queo
255 1334 433 1393 dissecandos,
444 1335 558 1384 celebrate
568 1330 686 1391 faventes,

81 1414 222 1472 Nobiscum,
233 1426 256 1464 et
264 1413 314 1477 jam
322 1431 388 1464 nnnc
396 1414 513 1463 sociorum
523 1415 645 1464 assuescite
654 1420 750 1469 mensis.

119 1498 175 1540 Haec
185 1493 228 1542 ubi
238 1493 311 1552 dieta,
321 1493 392 1559 dapes
401 1493 469 1557 jubet
478 1506 502 1542 et
511 1493 603 1543 sublato
614 1495 697 1559 reponi

80 1573 178 1629 Pocula,
189 1573 355 1638 gramineoque
365 1572 428 1622 viros
436 1571 497 1622 locat
507 1573 556 1637 ipse
566 1573 648 1622 sedili:

79 1652 274 1716 Pracipuumque
285 1664 336 1701 toro
346 1665 369 1702 et
379 1653 456 1702 villosi
466 1653 527 1718 pelle
536 1652 611 1702 leonis

79 1730 171 1794 Accipit
180 1734 280 1790 AEnean,
288 1729 394 1796 solioque
403 1729 488 1780 invitat
497 1746 586 1779 soemo.

79 1811 141 1857 Turn
151 1809 204 1858 lecti
214 1807 311 1872 juvenes
321 1810 426 1858 certatim
435 1825 527 1875 araeque
537 1809 642 1859 sacerdos
712 1846 715 1854 .

79 1888 173 1938 Viscera
183 1899 242 1936 tosta
252 1887 332 1937 serunt
341 1900 476 1947 taurorum,
486 1901 630 1953 onerantque
638 1887 744 1938 canistris

80 1969 147 2015 Dona
156 1967 267 2017 laboratae
277 1969 379 2028 Cereris,
389 1966 553 2034 Bacchumque
562 1967 702 2019 ministrant.

10 2081 24 2094 s
79 2034 186 2096 Vescitur
196 2051 293 2107 AEneas,
304 2048 376 2098 simul
386 2061 409 2109 et
417 2047 518 2113 Trojsna
529 2046 640 2112 juventus

78 2127 187 2191 Perpetui
198 2137 262 2192 tergo
271 2127 340 2178 bovis
350 2140 373 2178 et
382 2127 518 2177 lustralibus
527 2128 592 2176 extis.

117 2207 245 2270 Postquhm
255 2219 361 2270 exempta
371 2208 454 2266 sames,
463 2219 486 2256 et
496 2223 562 2255 amor
566 2217 713 2271 compressus
722 2205 815 2266 edendi,

79 2286 128 2332 Rex
137 2284 262 2332 Evandrus
272 2284 305 2332 ait
315 2303 321 2333 ε
333 2288 386 2332 Non
395 2282 446 2334 haee
456 2286 569 2334 solemnia
578 2285 659 2345 nohis,

79 2365 125 2410 Has
136 2379 164 2411 ex
173 2379 239 2415 more
248 2363 333 2428 dapes,
343 2361 405 2413 hanc
414 2364 474 2414 tanti
481 2363 586 2413 numinis
596 2380 659 2412 oraru

80 2445 144 2492 Vena
154 2442 288 2507 superstitio
298 2454 452 2508 serenumque
462 2443 542 2509 ignara
553 2446 657 2492 Deorum

77 2522 193 2585 imposuit
203 2539 209 2569 ε
220 2522 300 2581 saevis,
309 2519 395 2587 hospes
403 2521 518 2586 Troiane,
528 2522 620 2586 periclis

76 2588 288 2658 &crassissimum
298 2601 440 2666 meritosque
450 2618 566 2651 novamus
576 2599 684 2650 honores.
709 2623 712 2629 ·

76 2682 89 2725 J
91 2694 130 2726 am
139 2679 244 2743 primum
254 2681 315 2728 saxis
324 2696 463 2745 suspensam
471 2679 533 2733 hanc
542 2681 619 2746 aspice
629 2693 727 2745 mpem;

76 2755 184 2820 Disiecta
192 2759 276 2825 procul
286 2771 314 2808 nt
323 2760 397 2808 moles
400 2794 408 2817 ,
416 2759 552 2826 decensque
559 2759 647 2808 moritis

76 2837 127 2885 Stat
136 2836 268 2896 domus‚et
277 2839 369 2905 scopuli
378 2839 497 2906 ingentem
506 2841 596 2888 unxere
605 2839 705 2887 ruinam.
770 2894 774 2899 Ι

76 2933 101 2969 v.
123 2932 184 2984 192.
386 2970 388 2975 ,
635 2918 667 2982 aa
