1974 3772
297 239 424 288 AENEIS.
445 242 512 288 tra.
534 236 568 288 11.
754 241 801 288 133

56 329 129 394 Visus
139 330 219 389 abesse
229 336 299 398 mibi,
308 341 431 404 largosque
440 338 560 389 effundere
571 330 651 402 fletus}

56 425 174 487 Raptatus
182 419 252 484 bigis,
262 431 290 467 ut
298 420 429 484 quondam,
440 432 535 482 aterque
543 431 641 467 cruento

55 501 169 558 Puberes
180 514 269 563 perque
279 498 350 563 pedes
360 496 469 561 trajectus
479 499 529 546 lora
539 510 664 548 tumentes.

55 580 102 629 nei
111 577 179 636 mihi,
188 578 266 642 qualis
275 579 337 626 erat!
348 579 466 642 quantbm
475 589 580 626 mutatus
592 577 623 626 ab
633 577 675 626 illo

56 663 168 717 Hectore,
175 656 287 722 quiredit
295 657 389 705 exuvias
399 656 497 705 indutus
507 655 620 716 Achillis,

55 739 101 790 Vel
111 741 220 785 Danaam
230 733 344 802 Phrygios
355 732 468 799 jaculatus
476 735 599 800 puppibus
610 736 691 801 ignes!

56 817 210 882 Squalentem
219 815 328 872 barbam,
337 827 361 863 ct
369 826 488 862 concretos
498 814 611 880 sanguine
621 815 707 874 crines,

23 925 24 928 =
55 896 211 960 Vulneraque
219 895 259 941 illa
269 909 349 959 gerens
359 910 412 958 quae
421 893 509 941 circum
519 894 622 957 plurima
630 909 712 942 muros
759 938 762 943 .

56 975 156 1040 Accepit
163 974 259 1039 patrios.
270 974 340 1020 Ultro
350 972 408 1020 ssens
418 973 468 1037 ipse
478 972 575 1021 videbar

56 1042 205 1119 Compellare
214 1053 303 1109 virum,
311 1063 335 1100 et
343 1063 437 1100 moestas
447 1068 582 1116 expromere
593 1063 679 1101 voces:

56 1134 130 1182 Olux
140 1132 275 1190 Dardaniae,
285 1147 337 1196 spes
347 1133 361 1178 ὃ
372 1127 482 1179 fidissima
492 1129 622 1178 Teucrum!

58 1216 118 1276 Quae
128 1224 201 1259 tantae
211 1213 306 1259 tenuere
315 1207 404 1258 morae?
415 1209 502 1274 quibus
514 1215 599 1257 Hector
609 1208 694 1258 eboris

56 1295 196 1356 Exspectate
205 1289 289 1338 venis?
299 1301 326 1338 ut
335 1302 359 1337 te
368 1301 422 1354 post
431 1290 506 1336 multa
515 1301 612 1337 tuorum

57 1373 161 1428 Funera,
171 1381 226 1435 post
236 1371 312 1417 varios
322 1366 493 1433 hominumque
504 1369 617 1432 urbisque
627 1367 720 1418 labores

58 1448 146 1498 Defessi
157 1449 295 1514 aspicimus!
307 1463 360 1512 quae
370 1465 439 1496 causa
449 1448 544 1514 indigna
555 1464 648 1497 serenos

57 1528 167 1577 Foedavit
176 1525 275 1576 vultus?
284 1540 325 1576 aut
334 1544 376 1575 cur
385 1525 435 1575 baec
445 1527 543 1582 vulnera
553 1526 641 1576 cerne?

57 1608 98 1656 tlte
109 1604 170 1656 nihil
181 1626 187 1654 z
199 1623 241 1655 nec
250 1623 288 1655 me
298 1619 442 1673 quaerentem
452 1624 512 1654 vana
522 1618 641 1667 moratur3'

57 1687 102 1735 Sed
111 1686 214 1752 graviter
223 1687 323 1756 gemitus
333 1688 380 1735 imo
390 1687 420 1734 de
430 1698 522 1751 pectore
532 1685 619 1734 ducens
630 1702 637 1732 ε

57 1767 123 1814 Heu!
135 1763 201 1831 fuge,
212 1778 265 1813 nete
276 1769 336 1824 Dea,
346 1778 416 1831 teque
426 1763 463 1814 his
470 1803 477 1828 ‚
485 1766 527 1823 eit,
538 1766 601 1830 eripe
611 1763 719 1815 flammis.

56 1845 136 1892 Hostis
145 1842 218 1892 habet
228 1861 308 1893 muros
319 1863 325 1891 τ
336 1845 384 1894 ruit
394 1845 441 1893 alto
452 1845 465 1891 b
475 1844 577 1893 culmine
586 1842 664 1908 Troia

57 1925 96 1972 Sat
106 1924 192 1988 patriae
199 1924 338 1990 Priamoque
348 1924 437 1973 datum.
448 1924 473 1972 si
482 1928 593 1990 Pergama
603 1924 684 1972 dextre

57 2002 157 2051 Defendi
166 2014 273 2068 possent,
283 2004 353 2052 etiam
363 2002 406 2052 hac
417 2003 510 2052 defensa
520 2003 628 2052 fuissent

57 2084 124 2131 Sacra
134 2098 238 2146 suosque
247 2082 291 2130 tibi
301 2084 450 2132 commendat
459 2082 529 2147 Troia
539 2087 643 2132 Penates.

57 2165 106 2210 nos
116 2177 174 2226 cape
184 2158 288 2210 sotorum
297 2163 392 2210 comites
403 2161 454 2211 :his
464 2165 551 2210 moenia
560 2178 649 2226 quaere,

56 2243 141 2305 Magna
150 2253 269 2305 pererrato
280 2253 366 2290 statues
376 2258 429 2306 qnae
439 2242 542 2305 denique
551 2254 642 2306 ponto!

57 2321 93 2368 Sic
103 2319 146 2380 eit3
158 2331 182 2368 et
190 2319 301 2369 manibus
312 2312 391 2378 vittas,
401 2325 544 2384 Vestamque
554 2331 686 2384 potentem,

56 2402 227 2463 AEternumque
237 2399 314 2466 adytis
325 2399 390 2448 effert
399 2400 559 2466 penetralibus
569 2400 653 2465 ignem.

95 2477 195 2527 Diverso
205 2477 293 2527 inseret
303 2480 431 2528 miscentur
440 2480 527 2528 moenia
535 2481 602 2528 luctu
613 2497 620 2526 ε

57 2560 87 2606 Et
95 2556 170 2622 magis
179 2570 249 2622 atque
260 2558 333 2624 magis
344 2559 354 2623 (
363 2575 500 2624 quanquam
510 2570 596 2607 secrete
604 2556 710 2622 parentis

54 2634 166 2685 Anchisae
175 2636 271 2696 domus,
280 2637 450 2704 arboribusque
459 2639 551 2687 obtecta
561 2638 655 2686 recessit
664 2634 674 2698 )

55 2715 193 2765 elarescunt
203 2717 304 2776 sonitus,
314 2726 481 2783 armorumque
491 2717 579 2784 ingruit
587 2714 679 2763 horror.

56 2795 169 2845 Excutior
178 2812 273 2854 somno,
283 2808 307 2845 et
317 2797 403 2852 summi
413 2798 504 2862 fastigia
515 2797 569 2844 tecti

56 2875 162 2922 Ascensu
171 2889 268 2941 supero,
279 2889 349 2942 atque
359 2876 451 2924 arrectis
460 2875 557 2924 auribus
567 2873 633 2922 adsto
644 2890 650 2919 z

57 2969 82 3004 v.
100 2956 166 3004 303.
620 2967 650 3001 ra
