1974 3772
357 275 487 324 muers.
508 277 575 324 tta.
597 279 631 325 11.
771 265 775 273 '
819 275 867 342 ¹49

125 377 240 442 Undique
249 375 392 434 convenere,
402 375 485 422 animis
495 375 629 440 opibusque
638 372 727 439 parati,

124 463 153 507 ln
163 470 319 523 quascunque
329 454 400 501 velim
410 455 493 518 pelago
503 454 617 503 deducere
627 467 706 505 terret.

164 544 174 582 J
179 550 266 599 amque
277 533 337 596 jugis
346 549 444 581 summae
453 533 563 598 surgebat
573 533 666 582 Lucifer
674 534 733 591 ldae,
818 538 820 545 ’

124 615 280 679 Ducebatque
291 612 366 670 diem,
378 614 499 676 Danaique
509 612 602 661 obsessa
612 612 724 661 tenebant

123 695 220 744 Limina
229 703 365 758 partarum
376 707 420 739 nec
429 708 482 756 spes
492 691 544 756 opis
552 692 600 740 ulta
611 691 718 740 dabatur.

122 774 202 831 cmi,
213 785 236 822 et
246 771 340 825 subiato
349 781 456 821 montem
464 771 569 835 genitore
578 769 659 837 petivi.

133 939 322 963 ΜΝ

172 1026 179 1041 ·
246 1085 428 1158 LIBER
462 1085 743 1158 TERTIUS.

124 1375 274 1460 Posrquitu
284 1416 320 1448 res
329 1399 391 1449 Asia
401 1399 534 1464 Priamique
544 1413 647 1451 evertere
657 1413 749 1466 gentem

124 1470 271 1528 Immeritam
279 1479 359 1528 visum
368 1480 475 1544 Superis,
485 1480 613 1544 ceciditque
624 1480 753 1545 superbum

123 1559 210 1617 Ilium,
218 1571 243 1607 et
252 1560 328 1607 omnis
338 1556 413 1606 humo
423 1561 499 1607 fumat
509 1559 628 1623 Neptunia
636 1557 751 1623 Troja,
812 1622 814 1627 Ι

124 1639 223 1686 Diversa
233 1638 301 1686 exilia
311 1649 335 1686 et
345 1638 446 1686 desertas
454 1653 560 1702 quaerere
570 1650 641 1686 terras

124 1717 238 1783 Auguriis
250 1717 341 1782 agimur
350 1718 451 1773 Divbm,
462 1718 605 1780 classemque
615 1716 661 1764 sub
670 1717 720 1781 ipsa

123 1796 250 1857 Antandre
260 1810 283 1845 et
292 1793 399 1862 Phrygiae
409 1797 521 1844 molimur
530 1796 652 1844 montibus
657 1795 717 1854 Idae,
788 1807 793 1818 ·

123 1876 211 1924 incerti
218 1876 267 1939 qud
277 1872 325 1923 sata
334 1874 423 1933 ferant,
432 1875 475 1922 ubi
486 1874 567 1924 sistere
575 1874 645 1923 detur
653 1889 660 1934 ς

123 1952 340 2018 Contrahimusque
350 1956 419 2002 viros.
430 1955 477 2006 Vix
487 1954 562 2019 prima
571 1954 689 2019 inceperat
698 1964 765 2002 aeataa
771 1989 778 2015 ‚

123 2037 155 2081 Et
165 2044 234 2098 pater
242 2032 356 2082 Anchises
366 2033 421 2081 dare
431 2030 483 2082 fatis
492 2035 544 2081 vela
554 2032 659 2096 jubebat.

124 2113 215 2160 Littera
224 2114 276 2160 tum
285 2112 366 2177 patriae
376 2114 520 2179 lacrymans,
530 2125 659 2177 portusque
670 2111 789 2177 relinquo,

124 2196 155 2239 Et
165 2207 262 2255 campos
271 2191 313 2239 uhi
323 2190 393 2255 Truja
402 2188 447 2240 fuit
458 2209 463 2238 :
475 2191 537 2239 seror
546 2193 600 2239 exul
611 2193 634 2239 in
646 2192 720 2239 altum

123 2272 188 2319 Cum
197 2270 278 2328 sociis,
289 2281 404 2334 natoque,
415 2272 554 2330 Penatibus,
565 2282 588 2318 et
597 2271 687 2335 magnit
698 2272 746 2317 Dis.

163 2355 237 2398 Terra
246 2349 328 2414 procul
339 2350 409 2398 vastis
419 2351 504 2398 colitur
512 2349 627 2397 Mavortia
637 2348 738 2412 campis,

123 2427 227 2476 Thraces
237 2440 316 2486 arant,
327 2429 373 2476 acri
383 2429 504 2492 quondam
514 2441 609 2494 regnata
621 2432 730 2494 Lycurgo
741 2445 747 2474 ε

125 2508 263 2572 Hospitium
273 2509 398 2586 antiquqtn
405 2507 495 2572 braim,
505 2508 608 2572 sociique
618 2498 728 2566 Penates,

124 2588 190 2634 Diam
201 2587 295 2635 fortuna
305 2587 357 2635 fuit.
369 2591 441 2636 Feror
450 2586 510 2646 hirc,
521 2601 544 2636 et
554 2589 631 2635 littore
641 2603 713 2640 curvo
797 2596 870 2664 j

122 2667 212 2714 Moenia
223 2666 299 2730 prime
309 2666 373 2731 locq,
383 2667 453 2715 satis
447 2684 563 2733 ingressus
573 2667 668 2730 iniquis·
663 2703 670 2728 ,

122 2745 288 2809 AEneadasque
297 2762 350 2793 meo
358 2762 444 2795 nomen
454 2746 483 2794 de
493 2747 588 2794 nomine
598 2742 669 2810 fingo.

163 2826 233 2871 Sacra
243 2825 344 2873 Dioneae
354 2824 424 2871 matri
432 2826 544 2888 Divisque
552 2824 656 2873 ferebam

115 2903 269 2967 Auspicihua
279 2915 412 2971 saeptorum
421 2919 534 2970 operum5
546 2915 680 2970 superoque
693 2900 808 2948 nitentem

144 3019 150 3032 .
175 3041 178 3049 ⁴
209 3019 215 3033 .
283 3045 293 3078 s
675 2981 716 3031 13.

125 3051 205 3161 τρί’
258 3155 272 3205 ί,
358 3113 452 3169 ‘ft‘

343 3264 412 3493 s
