1974 3772
166 306 200 356 82
323 348 327 361 ,
379 304 508 352 PUBbll
528 305 701 356 VlRGlLll

167 402 285 470 Quaesitae
292 403 323 452 ad
332 419 395 454 sacra
402 403 477 453 boves
486 405 600 463 lunonis,
610 416 633 453 et
640 406 690 454 uris

164 469 299 549 imparibus
309 482 392 531 ductos
401 483 448 532 alta
459 483 488 531 ad
497 482 693 557 donariQnus.

165 567 228 628 Ergo
238 565 297 627 egri
307 563 386 611 rastris
396 575 483 611 terram
492 562 620 622 rimantur,
631 575 654 611 et
664 563 721 628 ipsis

47 659 50 664 ·
100 671 102 675 ν
166 642 292 706 Unguibus
302 640 421 690 infodiunt
431 640 522 706 fruges,
531 655 670 707 montesque
679 659 722 708 per
730 643 788 692 altos

164 723 281 770 Contenti
289 720 377 769 eervioe
387 719 485 770 trahunt
494 721 614 769 stridentia
623 723 734 786 plaustra.

204 803 258 848 Non
267 800 339 864 lupus
350 799 444 849 insidias
453 801 558 864 explorat
567 801 638 848 ovilia
647 801 749 858 circum,

165 881 212 928 Nec
222 879 331 945 gregibus
340 892 470 928 nocturnus
480 879 630 938 obambulat3
640 880 714 929 aerior
723 880 793 930 illum

163 961 227 1007 Cura
237 958 318 1006 domat
328 976 334 1006 ε
344 959 421 1007 timidi
428 959 505 1007 dama
515 959 624 1022 cervique
633 957 726 1025 hrgaeea

164 1021 234 1086 llune
243 1038 351 1102 interque
361 1054 429 1085 canes
438 1048 462 1086 et
471 1039 559 1086 circum
569 1049 628 1086 tecta
638 1049 763 1104 vagantur.

163 1121 177 1165 J
180 1133 218 1164 am
227 1116 298 1165 maris
307 1116 415 1168 immensi
424 1118 516 1183 prolem
526 1129 550 1165 et
559 1133 633 1182 genus
641 1134 711 1167 omne
720 1116 847 1168 namnidon

165 1194 254 1244 littore
264 1196 289 1242 in
299 1208 414 1255 extremo,
424 1212 469 1245 oen
478 1194 589 1261 naufraga
599 1213 710 1261 corpora,
720 1197 808 1246 lluctus

164 1275 255 1322 Proluit
266 1292 271 1322 :
283 1274 382 1323 insolitae
390 1275 485 1340 fugiunt
494 1275 520 1322 in
529 1274 627 1324 flumina
638 1274 727 1340 pheon.

165 1355 247 1401 Interit
256 1365 280 1401 et
289 1354 367 1401 curris
377 1351 462 1402 frustra
471 1352 566 1402 defensa
575 1354 670 1403 latebris

163 1432 264 1495 Vipera,
275 1443 299 1480 et
308 1432 400 1480 nunniti
410 1431 513 1497 squamis
523 1431 670 1482 adstantibus
679 1430 758 1500 hydri.

165 1511 223 1574 Ipsis
234 1522 267 1558 est
277 1515 317 1559 adr
324 1511 408 1558 avibus
418 1527 466 1558 non
476 1527 570 1575 aequus,
581 1524 605 1560 et
614 1512 661 1560 illas

163 1588 296 1653 Praecipites
306 1590 352 1639 alta
362 1581 435 1638 viram
445 1591 490 1638 sub
500 1590 564 1639 nube
570 1591 716 1655 relinquunt.

203 1669 316 1716 Praeterei
326 1685 369 1718 nec
378 1667 427 1733 jem
435 1669 522 1717 mutari
531 1669 620 1733 pabula
630 1668 713 1728 refert,
726 1711 733 1720 .

165 1748 322 1812 Qnaesitaeque
332 1760 419 1798 noeent
427 1760 487 1796 artes
498 1766 504 1796 :
515 1750 601 1797 cessere
611 1746 715 1814 magistri

163 1824 304 1892 Phillyrides
314 1822 416 1885 Chiron,
426 1824 648 1893 Amythaoniusque
657 1828 797 1892 Melampus.

163 1905 235 1953 Saevit
245 1917 268 1953 et
277 1905 302 1952 in
311 1905 389 1953 lucem
399 1906 485 1971 Stygiis
494 1907 577 1955 emissa
587 1906 689 1955 tenebris

163 1983 252 2031 Pallida
261 1981 401 2048 Tisiphone,
411 1984 506 2034 Morbos
516 1987 564 2051 agit
573 1989 627 2034 ante
636 1989 792 2050 Metumque,

163 2065 239 2125 Inque
248 2061 298 2110 dies
308 2062 405 2112 avidum
413 2080 510 2129 surgens
520 2077 592 2130 eaput
601 2064 670 2113 altius
678 2063 751 2112 effert.

163 2141 246 2188 Balatu
255 2157 368 2206 pecorum
378 2141 495 2198 eterebris
506 2143 635 2208 mugitibus
645 2161 735 2205 amnes,

162 2221 308 2284 Arentesque
318 2233 403 2270 sonant
412 2223 482 2286 ripae,
492 2223 610 2289 collesque
619 2221 706 2288 supini.

152 2303 263 2362 -Jamque
268 2303 405 2351 catervatim
414 2302 454 2350 dat
463 2314 651 2368 stragem,atque
660 2302 753 2367 aggerat
763 2302 821 2367 ipsis
858 2355 861 2361 ,

163 2382 191 2426 ln
200 2378 298 2426 stabulis
308 2381 373 2445 turpi
383 2380 474 2446 dilapsa
483 2382 595 2430 cadavera
605 2381 661 2429 talto
668 2398 677 2441 ·;

163 2460 242 2506 Donec
252 2457 327 2507 lrumo
338 2472 413 2524 tegere
423 2477 450 2508 ac
459 2461 533 2510 foveis
543 2460 685 2510 abscondere
694 2459 795 2508 discunt.
870 2448 876 2459 ⁸

161 2538 222 2584 Nam
232 2553 309 2602 neque
319 2550 367 2586 erat
376 2539 445 2587 coriis
453 2556 524 2599 usus,
535 2557 578 2588 nee
587 2541 674 2588 viscera
684 2540 812 2603 quisquam

161 2614 213 2663 Aut
221 2616 292 2664 turdis
302 2617 395 2671 abolere
404 2621 494 2684 potest,
505 2632 546 2668 aut
556 2620 648 2668 vincere
657 2617 766 2679 llammti;

161 2697 209 2742 Nec
218 2694 315 2744 tondere
325 2696 423 2759 quidem
431 2699 515 2746 morbo
526 2698 654 2762 illuvieque
661 2713 743 2763 peresa
814 2696 817 2701 ’

160 2772 267 2833 Vellera3
278 2791 321 2823 neo
331 2776 388 2825 telas
397 2789 496 2840 possum
506 2779 617 2844 attingere
623 2789 715 2842 putres.

161 2853 252 2905 verim
262 2854 333 2902 etiam
341 2853 430 2904 invisos
439 2855 459 2904 si
469 2856 524 2920 quis
532 2858 633 2905 tenthrat
642 2856 753 2912 amictus,

124 2963 129 2971 -
161 2930 276 2980 Ardentes
285 2928 392 2999 papulae,
403 2946 474 3002 atque
483 2934 716 2990 immundusolentia
727 2931 799 2982 ordor

162 3029 188 3062 r.
204 3009 222 3065 5
225 3011 258 3073 fil
263 3049 268 3061 .

132 3318 150 3335 ¹.

141 3418 183 3439 ’.ὶ-

152 3468 163 3485 “·ι

171 3516 201 3535 -Δ,
