1974 3772
173 276 224 328 108
382 279 511 326 PUBLII
531 279 698 328 VIRGlLll

169 378 241 441 Spem
251 375 320 425 vultu
330 374 436 433 simulat,
446 376 532 440 premit
541 370 618 424 ultum
626 377 695 424 eorde
705 376 818 426 dolorem.

169 455 207 503 llli
217 471 240 503 se
250 454 335 520 praedae
345 455 468 520 accingunt
475 442 625 521 dapibusque
634 455 733 516 suturis3

168 537 271 601 Tergora
280 534 395 598 diripiunt
404 534 486 591 costis,
497 546 520 581 et
529 534 617 583 viscera
627 535 724 584 nudent.

168 615 225 662 Pars
234 613 259 661 in
270 611 343 661 frusta
352 625 443 670 secent,
451 613 604 678 verubusque
613 614 735 662 trementis
746 609 822 681 figtmt
832 632 839 663 τ

170 692 257 740 Littore
268 690 342 740 chene
352 691 430 741 locent
437 692 489 751 olii,
500 690 651 758 flammasque
659 693 799 742 ministrant.

168 765 294 820 Tirm'victi
305 783 415 820 revocant
424 771 499 832 vires;
509 771 602 836 fusique
611 787 654 836 per
663 769 762 821 herbum

168 851 301 915 Implentur
308 851 392 898 veteris
401 848 484 899 Bacchi
494 851 634 916 pinguisque
645 850 731 899 serinae.

168 930 297 994 Postqulm
306 941 413 993 exempto
424 926 496 978 fames
506 930 594 994 epulis,
603 945 736 995 menseque
746 941 854 990 remotes,

168 1007 273 1057 Amissos
282 1008 353 1074 longo
362 1009 436 1057 socios
444 1025 549 1056 sermone
559 1008 694 1073 requinmt,

169 1088 287 1153 Spemque
296 1100 433 1153 metumque
444 1089 504 1137 inter
513 1087 593 1145 dubii,
603 1103 645 1136 seu
654 1087 733 1136 vivere
743 1089 848 1150 credent,

168 1166 223 1215 Sive
233 1178 335 1215 extreme
344 1168 406 1232 peti,
417 1183 460 1216 nec
469 1165 517 1230 jam
530 1166 637 1214 exaudire
647 1179 749 1216 vocatos.

169 1246 289 1310 eroeipus
298 1247 352 1310 pius
361 1250 460 1304 AEness,
470 1263 534 1294 nunc
544 1246 601 1294 ueris
610 1246 720 1305 Orontei‚

169 1326 238 1373 llunc
247 1325 333 1390 Amyci
343 1341 423 1373 essum
432 1325 516 1391 gemit,
526 1336 550 1372 et
558 1324 661 1373 crudelia
670 1340 750 1373 secum

169 1405 227 1453 eata
238 1402 308 1469 Lyci,
319 1402 449 1468 sortemque
460 1407 544 1469 Gyen,
555 1403 685 1467 sortemque
695 1402 847 1454 Cloanthum.

208 1485 239 1530 Et
248 1479 297 1544 jum
305 1478 358 1529 finis
369 1493 429 1540 eret,
440 1483 495 1530 clun
504 1483 612 1548 luppiter
622 1479 708 1531 aethere
720 1498 813 1531 summo

170 1560 303 1625 Despiciens
312 1577 376 1609 mure
386 1561 528 1621 velivolum,
538 1557 656 1626 imosque
666 1560 779 1625 jacentes,

86 1631 88 1634 ⁵
169 1640 317 1705 littoraque,
328 1651 352 1694 et
360 1641 420 1690 latos
429 1642 544 1705 populos3
556 1640 588 1688 sic
598 1640 684 1690 vertice
693 1640 747 1689 ooeli

168 1719 292 1779 Constitit,
302 1731 325 1768 et
335 1720 418 1787 Libyae
428 1716 508 1768 defixit
516 1720 607 1769 lumine
617 1721 701 1785 regnis.

169 1798 248 1864 Atque
258 1798 327 1847 illum
335 1799 393 1848 tales
403 1797 528 1862 jactantem
535 1811 629 1865 pectore
637 1815 705 1847 curus

114 1902 116 1909 ·
168 1878 277 1936 Tristior,
287 1891 310 1926 et
317 1879 427 1944 lucrymis
437 1879 517 1927 oculos
526 1879 615 1927 suffusa
624 1878 737 1937 nitentes,

170 1955 306 2021 Alloquitur
314 1960 396 2008 Venus
408 1975 413 2003 :
424 1960 446 2005 0
455 1958 498 2022 qui
507 1974 543 2005 res
553 1956 725 2021 hominumque
738 1956 864 2024 Deumque

168 2036 269 2084 AEternis
280 2036 338 2102 regis
348 2036 464 2101 imperiis,
474 2050 498 2085 et
506 2035 605 2086 fulmine
616 2049 700 2097 terres,

170 2115 235 2178 Quid
244 2132 311 2164 meus
321 2120 406 2165 AEness
417 2116 441 2164 in
451 2129 475 2165 te
484 2116 627 2165 committere
638 2128 743 2174 tentum,

171 2195 235 2258 Quid
245 2199 317 2244 Troes
325 2197 436 2260 potuere!
447 2196 534 2260 quibus
545 2208 580 2244 tot
589 2196 672 2242 itinero
681 2196 755 2260 possis

168 2277 274 2323 Cunctus
284 2275 316 2324 ob
326 2276 418 2324 ltulium
427 2287 542 2325 terrorum
550 2274 667 2323 clauditur
677 2272 758 2322 orbis?
854 2266 859 2271 ’

169 2354 237 2402 Certe
246 2351 303 2402 hinc
312 2358 431 2402 Romanos
441 2356 498 2403 olim
507 2354 658 2402 volventibus
668 2353 736 2400 annis

170 2433 230 2480 Hinc
239 2431 288 2480 sore
298 2433 417 2493 ductores,
427 2444 535 2482 revocato
545 2433 559 2480 i
568 2432 680 2496 sanguiue
690 2433 788 2490 Teucri,

170 2513 220 2575 Qui
230 2527 306 2571 mare,
317 2513 358 2576 qul
369 2525 440 2561 terras
450 2511 515 2561 omni
524 2512 613 2560 ditione
622 2522 740 2569 tenerent,

169 2590 289 2639 Pollicitus
301 2609 306 2637 :
317 2607 371 2656 quae
380 2603 416 2651 te,
425 2593 529 2658 genitor,
539 2592 652 2640 sententis
661 2587 749 2638 verde?

170 2674 221 2718 Hoc
231 2671 341 2735 equidem
349 2687 457 2720 occasum
466 2669 542 2733 'l'rojrc
550 2670 672 2735 tristesque
682 2670 762 2718 ruinas

169 2749 280 2807 Solsher,
291 2745 344 2798 fatis
353 2750 467 2799 contraris
477 2750 525 2798 sata
534 2747 672 2814 rependens.

170 2830 239 2876 Nunc
249 2829 330 2877 erdem
340 2828 434 2877 fortune
444 2829 506 2875 viros
516 2838 552 2876 tot
561 2827 653 2875 ossibus
663 2834 725 2874 actos

171 2908 305 2972 Insequitur
316 2926 321 2955 :
332 2923 404 2972 quem
414 2907 455 2956 das
464 2904 548 2965 finem,
559 2908 608 2954 Rex
617 2921 701 2972 magne
708 2941 714 2961 ‚
721 2898 849 2953 laborum?

172 3004 197 3038 v.
213 2988 275 3051 241.
