1974 3772
295 304 420 352 ⁴anais.
442 304 508 351 mn.
530 306 592 350 xrr.
765 303 816 368 393

77 398 126 454 lllae
136 405 200 471 intus
211 403 306 466 trepidae
317 419 396 451 rerum
405 419 449 467 per
457 418 522 461 cerea
532 414 605 452 castra

54 496 61 501 ·
77 485 230 540 Discurrunt,
240 483 377 547 magnisque
387 493 475 530 acuunt
484 481 623 531 stridoribus
633 481 678 528 iras
690 499 695 527 :

76 563 189 614 Volvitur
198 574 247 610 ater
256 561 314 609 odor
323 562 401 618 tectis,
412 563 464 609 tum
472 577 594 608 murmure
604 572 665 608 coeco

74 644 144 691 Intus
155 656 209 690 saxa
219 651 303 688 sonant
313 658 319 686 ε
330 657 416 688 vacuas
424 640 442 687 it
452 639 532 687 fumus
543 638 572 686 ad
580 655 656 687 ernas.

116 720 208 769 Accidit
217 717 268 768 haec
277 718 341 766 fessis
351 719 422 766 etiam
432 718 526 766 fortuna
537 719 638 778 Latinis,

78 806 139 864 Quae
150 811 224 848 totam
233 799 299 847 luctu
309 798 425 846 concussit
434 797 542 845 funditus
552 797 644 844 urbem.

77 880 166 944 Regina
176 890 204 925 ut
213 879 278 925 tectis
288 877 421 926 venientem
430 876 544 942 prospicit
552 873 657 937 hostem,

77 957 162 1005 Incessi
173 971 263 1014 muros,
274 956 339 1020 ignes
349 957 379 1004 ad
389 968 448 1004 tecta
458 955 551 1015 volare;

77 1038 201 1100 umquam
211 1035 270 1082 acies
280 1037 360 1082 contri
371 1035 484 1091 Rutulas,
495 1034 560 1083 nulla
571 1034 663 1097 agmina
672 1035 763 1103 Turni:

78 1113 162 1163 Infelix
171 1129 257 1178 pugnes
267 1112 379 1176 juvenem
388 1114 413 1158 in
423 1112 548 1159 certamine
558 1111 632 1160 credit

77 1194 239 1251 Exstinctum3
251 1204 286 1248 et,
297 1191 376 1238 subito
386 1202 489 1239 mentem
497 1189 591 1238 turbate
601 1189 694 1245 dolore,

77 1274 107 1322 Se
116 1287 211 1320 causam
220 1272 304 1318 clamat
313 1270 448 1334 crimenque
457 1281 575 1334 caputque
584 1268 715 1330 mulorum5

77 1351 200 1414 Multaque
210 1366 252 1416 per
262 1363 373 1398 moestum
383 1350 478 1398 demens
486 1347 553 1396 effata
564 1346 680 1407 furorem,

76 1435 212 1494 Purpureos
221 1430 334 1477 moritura
344 1445 417 1476 mann
427 1428 536 1477 discindit
546 1429 657 1488 amictus,
724 1456 729 1465 .

76 1512 108 1558 Et
118 1508 208 1556 nodum
218 1508 325 1556 informis
334 1508 374 1556 leti
384 1508 450 1556 trahe
460 1509 531 1556 nectit
541 1507 571 1554 ab
581 1508 634 1556 alta.

79 1593 159 1651 Quam
168 1587 259 1635 cladem
268 1588 358 1634 misere
368 1588 494 1651 postquem
504 1589 610 1650 accepere
621 1585 723 1644 Latinos,

76 1667 138 1716 Filia
148 1665 224 1730 prima
233 1682 305 1713 manu
317 1664 390 1714 llavos
400 1665 497 1733 Lavinia
507 1666 584 1713 crines

78 1749 108 1795 Et
118 1761 195 1794 roseas
204 1745 289 1792 laniata
298 1760 381 1809 genas3
392 1746 445 1792 tum
454 1756 528 1791 cetera
538 1745 626 1793 circum

77 1825 158 1874 Turba
167 1823 225 1871 furit
235 1841 241 1869 t
252 1834 362 1870 resonant
370 1823 417 1869 late
424 1823 577 1886 plangoribus
587 1810 647 1871 aedei
657 1841 664 1871 ε
756 1835 790 1867 ace

78 1905 140 1952 Hinc
150 1914 225 1952 totam
234 1900 315 1949 infelix
324 1902 435 1966 vulgatur
442 1902 503 1949 sarna
513 1918 557 1967 per
565 1902 655 1951 urbem

78 1983 212 2032 Demittunt
222 1995 311 2032 mentes
323 1999 328 2031 ε
339 1981 358 2032 lt
367 1981 436 2034 scissa
446 1995 509 2032 veste
520 1984 629 2041 Latinus,
711 1989 761 2028 λ’.)
777 1994 780 1999 ·

78 2061 191 2126 Conjugis
201 2063 314 2110 attonitus
322 2060 390 2123 latis,
400 2065 513 2130 urbisque
523 2066 604 2125 ruini,
720 2049 722 2054 ³

77 2141 194 2191 Canitiem
204 2141 327 2191 immundo
337 2142 456 2207 perfusam
465 2147 563 2208 pulvere
573 2159 671 2208 turpans
683 2163 689 2190 :

77 2220 200 2285 Multaque
210 2236 234 2267 sc
244 2221 345 2279 incusat,
355 2223 397 2285 qui
407 2239 455 2270 non
466 2223 579 2287 acceperit
588 2224 642 2269 ante

78 2299 224 2347 Dardanium
234 2303 336 2358 AEnean‚
347 2315 505 2365 generumque
516 2300 638 2348 adsciverit
647 2300 717 2348 rrltrla

118 2379 208 2426 Interel
218 2390 320 2426 extremo
330 2379 429 2428 bellator
439 2379 464 2427 in
474 2395 567 2443 aequore
577 2383 673 2427 Turnus
696 2402 699 2407 ¹
737 2387 740 2391 ’

77 2458 185 2504 Palantes
195 2457 301 2521 sequitur
310 2473 411 2522 paucos,
422 2456 469 2521 jam
479 2459 582 2524 segnior,
593 2469 663 2522 atquc

77 2540 131 2585 lam
141 2535 220 2584 minus
230 2537 300 2600 aitque
309 2537 388 2585 minus
399 2554 505 2586 successu
514 2538 581 2585 laetus
592 2550 714 2601 equorum.

78 2615 166 2664 Attulit
176 2612 240 2662 hunc
249 2614 286 2662 illi
297 2617 361 2664 occis
371 2618 499 2666 terroribus
509 2633 565 2664 aura

77 2695 240 2742 Commixtum
245 2696 383 2753 clamorem,
394 2709 538 2760 arrectasque
549 2695 644 2758 impulit
654 2709 721 2741 aures

77 2773 189 2834 Confusos
200 2790 271 2820 sonus
281 2775 360 2834 urbis,
370 2788 393 2823 et
403 2776 520 2823 illaetahile
530 2790 645 2823 murmur.

45 2843 61 2859 ’“
78 2852 123 2898 Hei
133 2849 206 2900 mihi!
217 2853 276 2916 quid
286 2865 351 2901 tanto
362 2854 488 2902 turbantur
497 2840 585 2902 moenia
593 2850 677 2900 luctu?

80 2929 171 2993 Quisve
181 2931 228 2979 ruit
238 2943 318 2982 tantus
326 2933 418 2983 diversi
427 2935 515 2990 clamor
524 2934 555 2982 ab
564 2929 640 2982 urbe?

80 3026 105 3062 v.
124 3009 188 3060 621.
