1974 3772
285 233 415 285 euers.
436 235 503 296 nin.
523 236 571 288 vr.
747 237 798 300 ²4⁵

64 333 126 399 Quia
135 328 237 382 Gracchi
246 333 337 398 genua?
350 345 391 381 aut
400 333 517 398 getninae,
527 334 576 382 duo
586 332 686 382 fulmina
695 334 765 393 belli,

64 413 195 478 Scipiadas,
204 411 294 460 cladem
304 412 385 478 Libye
392 410 406 485 Ξ
413 429 533 477 parvoque
544 424 665 478 potentem

64 488 216 543 Fabricium?
227 492 265 539 vel
274 503 297 540 te
306 492 385 548 euloo,
395 493 504 547 Serrane,
515 492 647 540 serentem?

64 574 120 636 Qud
131 570 218 631 fessum
227 571 320 635 rapitis,
330 569 416 618 Fabii?
426 576 464 619 Tu
473 572 588 620 maximus
598 571 637 620 ille
647 587 683 629 ee,

62 654 132 701 Unus
141 651 184 715 qui
195 649 263 698 uobis
272 649 405 698 ermetaudo
415 651 517 698 restituis
526 667 583 699 rem.

102 730 226 778 Excudent
235 726 273 777 alii
284 730 396 794 spirantia
406 730 502 778 moiliua
512 745 567 787 aera,

61 809 138 860 Credo
148 809 275 874 equidem:
287 809 354 857 vivos
364 807 450 857 ducent
459 809 489 857 de
498 812 619 857 marmore
625 808 720 868 vultus}

61 887 173 938 Orabuut
181 904 262 936 caueae
271 885 368 947 melius,
378 887 477 952 ooelique
487 899 577 938 meatus

63 967 200 1016 Describeut
209 967 287 1026 radio,
297 979 321 1016 et
330 968 447 1032 surgentia
457 966 531 1015 sidera
540 967 625 1015 dicent
652 988 659 996 =

61 1051 99 1095 Tu
109 1062 187 1112 regere
198 1046 296 1111 imperio
306 1047 419 1111 populos,
431 1034 535 1094 Romane
542 1081 548 1104 ,
556 1056 688 1106 memento;

62 1129 105 1173 Hae
115 1125 159 1173 tibi
169 1137 238 1173 erum
248 1136 320 1177 artes,
330 1127 440 1190 pacisque
450 1125 571 1191 imponere
580 1140 684 1182 morem,

62 1208 158 1253 Parcere
167 1202 291 1267 subjectis,
301 1217 324 1252 et
334 1204 449 1253 debellare
459 1205 581 1268 superbos.

101 1283 140 1332 Sic
148 1295 215 1348 pater
222 1281 349 1343 Anchisem
361 1296 430 1349 atque
440 1281 491 1332 haec
499 1283 641 1347 mirantibus
651 1281 716 1332 addit
726 1299 732 1328 t

63 1361 148 1428 Aspice
157 1373 185 1410 ut
194 1362 291 1429 insignis
300 1363 380 1428 spoliis
387 1364 511 1412 Marcellus
521 1362 606 1427 opimia

62 1441 208 1508 Ingreditur,
218 1442 338 1508 victorque
348 1442 411 1491 viros
421 1443 578 1508 supereminet
588 1457 676 1490 omnea.

60 1521 106 1569 Hic
113 1536 165 1568 rem
174 1524 317 1580 Romnum,
327 1537 413 1587 magno
422 1521 532 1570 turbante
542 1521 660 1580 tumultu,

62 1600 144 1660 Siatet;
155 1616 226 1664 eques
235 1611 322 1649 sternet
331 1601 584 1665 PoenoepGallumque
593 1599 719 1658 acheli-3

61 1680 187 1744 Tettiaque
197 1696 261 1728 arma
271 1681 332 1745 patri
342 1676 469 1746 suspendet
478 1692 545 1744 capta
557 1678 665 1743 Quirino

100 1759 181 1823 Atque
189 1756 229 1807 hic
238 1763 322 1807 AEueaa
333 1760 390 1824 (uua
399 1776 501 1824 namque
509 1759 542 1806 ire
551 1757 647 1806 videbat

62 1838 189 1905 Egregium
198 1837 273 1888 forma
283 1835 394 1902 juvenem
402 1852 426 1888 et
436 1838 580 1904 fulgentibus
591 1839 675 1896 armis3

61 1918 107 1967 Sed
117 1915 182 1966 frons
191 1917 244 1966 leta
254 1919 351 1983 parumn,
362 1929 385 1966 et
394 1917 484 1982 dejecto
492 1915 582 1966 lumina
593 1915 677 1980 vultu)
689 1932 697 1963 a

63 1997 137 2061 Quia,
147 2009 226 2061 pater,
236 1996 276 2045 ille
285 1998 363 2045 virum
374 1998 415 2062 qui
425 1998 457 2046 aie
467 1997 592 2045 comitatur
602 1990 715 2044 eamtem?

62 2074 154 2126 Filiae?
165 2091 226 2124 anne
236 2075 320 2141 aliquia
329 2079 414 2142 magna
423 2077 453 2126 de
463 2078 534 2141 stirpe
544 2069 676 2137 nepotum?
725 2062 733 2075 ⁴

63 2155 111 2219 Qui
122 2155 233 2220 strepitus
243 2155 302 2204 circa
312 2157 438 2204 comitum!
450 2167 567 2220 quantum
575 2156 648 2202 instar
656 2153 681 2200 in
692 2153 743 2218 ipeo
752 2152 797 2201 eat!

61 2234 108 2284 Sed
117 2250 165 2282 nox
175 2247 223 2282 atra
234 2246 305 2298 caput
314 2235 374 2282 tristi
383 2225 536 2282 circmnvolat
545 2232 637 2281 umbra

100 2315 165 2362 Tum
173 2326 240 2379 pater
252 2311 364 2361 Anchises
372 2312 481 2379 lacrymis
491 2313 608 2378 ingressus
618 2308 707 2362 obortit
718 2327 724 2358 t

61 2395 160 2450 Onate,
171 2394 290 2458 ingentem
300 2393 390 2440 ludum
400 2407 430 2440 ue
439 2407 518 2457 quaere
528 2403 635 2450 tuomm3
772 2399 775 2403 '
829 2383 831 2386 ¹

62 2472 193 2521 Ostendent
203 2473 269 2541 terrie
279 2467 343 2520 hunc
353 2472 447 2520 tantum
456 2467 515 2529 sata,
526 2487 604 2538 neque
614 2471 674 2517 ultra
770 2495 775 2501 ·

63 2555 119 2600 Eue
129 2551 213 2598 sinent.
224 2551 329 2599 Nimium
339 2551 407 2600 vebia
417 2556 522 2599 Romana
532 2566 637 2614 propago

63 2630 120 2683 visa
129 2641 227 2695 potem,
237 2631 333 2694 Superi,
342 2631 437 2697 propria
448 2629 497 2678 lucc
507 2630 526 2677 si
536 2630 597 2678 dona
608 2628 713 2674 fuissent.

63 2713 173 2773 Quantos
183 2709 222 2756 ille
230 2710 309 2757 virum
316 2726 426 2776 magnam
435 2709 547 2757 Mavortis
556 2708 584 2755 ad
595 2709 680 2755 urbem

62 2791 168 2853 Campus
178 2800 230 2853 aget
238 2790 350 2854 gemitus!
363 2789 400 2837 vel
409 2805 476 2853 quae,
488 2788 610 2838 Tiberine,
621 2782 712 2831 videbis

63 2869 157 2915 Funera
163 2901 170 2926 ,
180 2869 235 2919 cum
245 2868 366 2927 tumultun
372 2867 534 2936 praeterlabere
544 2864 673 2915 recentem!

63 2965 90 2998 v.
103 2948 167 3017 874.
608 2959 653 2994 ar.
