1974 3772
352 254 478 307 AENEIS.
500 260 568 307 ΜΒ.
589 262 635 308 xl.
663 264 666 269 ’
814 261 868 313 365

126 356 186 404 Cara
195 349 255 402 mibi
263 354 423 419 comitumque
434 355 494 405 foret
503 373 567 406 nunc
576 373 624 409 una
634 373 772 407 meamms

126 435 218 489 Variana
227 450 281 500 age,
291 435 483 498 quandoquidem
492 436 547 485 satis
555 449 653 501 urgeatur
662 437 763 495 acerbis,

127 512 228 570 Lahere,
239 511 363 578 Nympha,
373 514 441 578 polo,
452 510 556 578 finesque
567 516 641 564 invise
651 517 760 574 Latinos,

125 590 208 640 Tristis
218 591 261 640 ubi
269 592 373 641 infausto
383 592 537 642 committitur
546 594 624 644 omine
634 611 721 659 pugna.

127 673 182 719 Haec
192 687 262 735 cape,
272 682 295 718 ct
305 670 413 720 ultricem
420 670 531 736 pharetra
540 671 651 737 deprome
660 673 769 740 sagittam
779 687 788 727 :1

126 753 189 809 Hac,
199 751 336 814 quormque
345 766 438 798 sacrum
447 750 542 799 violarit
549 752 646 800 vrrlnere
656 768 755 817 eorpus,

124 831 197 885 Tros,
208 828 323 888 Italusue,
333 826 393 876 mibi
401 829 489 894 pariter
498 830 538 884 det
546 831 659 896 sanguine
669 848 759 897 poenas.

126 908 182 954 Post
192 924 233 972 ego
244 907 308 955 nube
317 911 375 956 carl
383 908 520 958 miserandae
529 926 615 974 corpus
625 923 648 958 et
659 927 723 962 arma

126 986 253 1051 Inspoliata
263 985 336 1035 seram
345 988 452 1046 tumulo,
462 988 590 1054 patriasque
599 1006 719 1054 reponam.

127 1065 190 1112 Dixit
200 1083 206 1111 ε
218 1076 241 1112 at
251 1065 291 1113 illa
300 1067 364 1115 leves
373 1067 426 1114 ooeli
437 1067 535 1115 demissa
544 1083 587 1130 per
597 1084 665 1126 auras

126 1144 246 1200 Insonuit,
257 1145 323 1209 nigro
331 1145 474 1193 circumdata
483 1137 578 1192 turbine
588 1161 688 1210 eorpus,

164 1223 198 1270 At
206 1239 291 1271 manus
300 1222 388 1270 interea
397 1223 471 1271 muris
481 1221 583 1287 'Ibojana
592 1223 749 1288 propinquat,

127 1301 264 1365 Etruscique
274 1301 357 1359 duces,
367 1302 521 1368 equitumque
531 1304 644 1352 exereitus
653 1303 743 1363 om'nis,
821 1330 825 1337 ·

125 1380 254 1444 Compositi
265 1396 363 1429 numero
373 1382 397 1429 in
408 1393 503 1430 mamas.
515 1384 603 1431 Fremit
613 1398 706 1447 aequore
715 1393 765 1431 toto
813 1436 818 1443 ,

126 1459 243 1507 Insultans
252 1460 358 1524 sonipes,
368 1472 391 1508 et
400 1462 484 1524 pressis
494 1474 585 1525 pugnat
591 1458 703 1519 habenis,

124 1539 178 1585 Huc
188 1537 301 1587 obversus
311 1551 335 1587 et
344 1536 406 1587 halo:
416 1532 468 1587 tum
477 1538 621 1588 laad-ferreus
631 1538 704 1588 hastis

125 1620 210 1665 llorret
220 1633 284 1682 ager,
295 1618 419 1683 campique
429 1619 499 1667 umis
507 1618 649 1668 sublimibus
658 1619 747 1668 ardent

125 1698 172 1744 Nec
182 1712 230 1745 non
240 1700 361 1761 Messapus
371 1700 464 1756 contra,
474 1698 606 1765 celeresque
616 1699 706 1758 Latini,

125 1778 155 1823 Et
165 1791 220 1824 cum
230 1773 299 1824 fratre
309 1779 394 1834 Coras,
404 1789 427 1825 et
437 1770 532 1842 virginis
542 1777 578 1825 ala
589 1777 706 1836 Camillae,

124 1853 223 1902 Adversi
234 1870 318 1918 eampo
328 1867 453 1920 apparent,
464 1853 589 1921 hastasque
598 1857 700 1905 reductis

123 1932 707 2000 Protenduntlongbdextris,etspiculavihrant:
836 1979 841 1988 .

124 2012 294 2077 Adventusque
314 2014 405 2074 virilm,
416 2012 569 2079 fremitusque
579 2015 677 2064 ardescit
687 2029 810 2080 equorum.

123 2096 223 2155 Jamque
233 2091 294 2140 intra
304 2090 393 2157 jactum
402 2094 442 2143 teli
451 2111 587 2159 progressus
596 2107 695 2159 uterque

123 2169 275 2218 substiterat:
286 2171 364 2221 subito
375 2185 504 2237 erumpunt
513 2174 625 2231 clamore,
637 2173 807 2237 frementmque

124 2244 284 2297 Exhortantur
294 2266 379 2312 equos,
390 2248 495 2298 fundunt
504 2252 575 2298 simul
584 2252 690 2314 undique
700 2252 745 2299 tela

122 2328 224 2386 Crebra,
234 2326 296 2376 nivis
306 2328 366 2387 ritu;
377 2328 511 2392 ooelumque
521 2329 639 2378 obtexitur
649 2329 741 2380 umbrl⁴

123 2408 244 2455 Continuo
254 2407 356 2456 adversis
365 2406 503 2473 Tyrrhenus
512 2420 536 2456 et
545 2425 597 2457 acer
606 2409 725 2456 Aconteus

123 2486 225 2535 Connixi
235 2487 359 2536 incurrunt
368 2485 455 2547 hastis,
464 2488 582 2553 primique
592 2489 686 2536 ruinam

124 2568 187 2612 Dant
197 2565 276 2614 sonitu
285 2566 385 2631 ingenti,
396 2565 556 2631 perfractaque
565 2565 787 2630 quadrupedantum
855 2561 864 2573 ⁸

123 2647 219 2692 Pectora
228 2645 362 2710 pectoribus
372 2657 494 2710 rumpunt„
504 2649 621 2694 hesimus
631 2645 750 2693 Aconteus

123 2724 240 2772 Fulminis
250 2724 275 2771 in
284 2740 388 2784 morem,
398 2736 439 2773 aut
449 2736 565 2773 tormento
574 2724 684 2791 ponderis
694 2725 751 2782 acti,

97 2848 103 2855 ,
124 2802 255 2867 Prteeipitat
264 2803 347 2868 longe,
357 2816 380 2853 et
389 2805 463 2852 vitam
473 2804 585 2870 dispergit
595 2805 620 2852 iu
630 2820 704 2852 auras.

124 2882 249 2946 Extemplo
259 2882 358 2932 turbatae
368 2883 429 2933 acies
434 2901 442 2947 ς
450 2884 559 2950 versique
568 2883 646 2933 maini
740 2885 744 2895 “

124 2977 151 3013 v.
168 2961 231 3012 618,
290 2977 298 2985 ·
691 2964 736 3014 dr.
