1974 3772
322 248 447 296 sums.
469 247 536 297 uta.
558 249 626 300 vn.
790 247 838 304 251

104 348 177 397 Prima
188 347 264 394 locare
273 361 346 394 manu
356 346 481 409 molirique
491 360 572 411 aggere
582 357 648 395 teoto.

102 432 157 475 Haee
167 439 216 474 erat
226 426 265 473 illa
276 423 361 485 fames3
372 423 422 472 haee
432 442 476 474 nos
485 441 594 491 suprema
602 416 725 486 manahat,
770 449 774 454 ·

100 504 414 569 Exitiisposituramodum.
449 514 454 523 '
663 514 667 520 '

103 586 182 649 Quare
193 585 265 649 agite,
276 597 299 631 et
309 584 386 648 primo
397 577 445 631 laeti
453 594 509 631 eum
517 585 609 632 iumine
618 584 686 642 solis,

103 668 164 726 Quas
172 665 235 721 loca,
245 663 317 727 quive
327 661 430 712 habeant
438 660 559 721 honines,
569 664 612 711 nbi
622 663 709 712 maenia
719 667 808 730 gentis,
841 696 853 729 χ

100 742 261 807 Vestigemus,
272 755 295 790 et
305 744 318 788 a
327 754 399 807 pontu
408 743 499 790 diversa
508 754 624 806 petamus.

101 825 170 870 Nunc
180 835 270 886 pateras
280 822 351 888 libate
361 823 428 879 Jovi,
438 822 595 886 precibusque
604 832 687 869 rorate

102 899 220 948 Anchisen
230 902 372 965 genitorem,
383 913 406 948 et
415 902 470 948 vina
480 903 591 966 reponite
596 903 689 950 mensis
763 894 765 898 ¹

141 981 178 1027 Sic
189 980 272 1028 deinde
282 979 378 1038 effatus,
389 979 507 1028 frondenti
517 993 624 1044 tempora
633 994 699 1027 ramo

102 1058 221 1122 Implicat‚
233 1070 256 1106 et
265 1059 417 1123 Geniumque
425 1059 484 1116 loci,
493 1061 646 1124 primamque
653 1063 759 1107 Deorum

101 1128 232 1194 Teilurem,
243 1135 420 1202 Nymphasque,
429 1136 532 1187 etadhuc
541 1139 621 1203 ignota
630 1149 740 1202 prestatur·

102 1217 212 1264 Flumina
222 1233 229 1262 t
240 1217 291 1264 tum
302 1219 412 1274 Noctem,
423 1216 548 1281 Noctisque
558 1217 656 1264 mantia
666 1217 745 1282 sigua,
832 1238 833 1242 ¹

102 1295 238 1360 Idaeumque
248 1300 344 1354 Jovem,
354 1287 527 1361 Phrygiamque
536 1311 565 1344 ex
575 1295 656 1344 ordine
665 1307 765 1343 matrem

102 1379 211 1432 Invocat,
221 1386 244 1423 et
253 1374 358 1438 duplices
368 1376 481 1440 Coeloque
491 1376 617 1440 Ereboque
626 1380 743 1439 parentes

141 1454 186 1501 Hic
195 1457 263 1501 Pater
272 1455 421 1518 omnipotens
430 1467 467 1502 ter
475 1456 535 1502 coelo
545 1455 621 1502 clarus
631 1455 662 1501 ab
672 1454 721 1503 alto
783 1448 786 1453 ¹

102 1533 218 1590 Intonuit,
228 1532 345 1596 radiisque
356 1533 477 1582 ardentem
485 1533 544 1581 lueis
554 1545 577 1581 et
587 1548 645 1582 auro

101 1616 154 1676 Ipse
163 1629 237 1660 manu
246 1612 354 1676 quatiens
362 1611 464 1668 ostendit
474 1613 504 1662 ab
512 1611 598 1663 oethere
607 1611 707 1660 nubem
771 1623 774 1627 ’

66 1728 69 1733 .
102 1690 196 1739 Diditur
206 1689 244 1740 hic
254 1691 333 1738 subito
342 1689 444 1754 Troiana
452 1708 494 1757 per
505 1692 598 1758 agmina
606 1707 690 1739 rumor
698 1719 712 1748 ‚<

102 1769 230 1819 Advenisse
240 1770 303 1818 diem
312 1787 360 1834 quo
371 1770 449 1819 debita
459 1772 547 1820 moenia
554 1771 664 1818 condant.

101 1850 213 1898 Certatim
223 1850 354 1898 instaurant
361 1851 455 1916 epulas,
466 1862 537 1915 atque
546 1850 626 1898 omine
635 1862 721 1914 magno
747 1878 750 1884 ι

101 1930 207 1976 Crateras
216 1929 263 1977 laeti
274 1941 393 1989 statuunt,
404 1942 427 1977 et
434 1930 491 1978 vina
501 1939 621 1978 coronant.

140 2010 235 2056 Postera
244 2009 299 2056 cum
308 2010 384 2074 prima
393 2010 508 2059 lustrabat
517 2009 628 2074 lampade
637 2020 709 2057 terras
792 2022 795 2029 ’

101 2089 159 2134 Orto
168 2086 229 2144 dies,
239 2087 336 2146 urbem,
346 2100 370 2137 et
379 2085 451 2146 fines,
460 2101 484 2138 et
492 2090 571 2137 littora
581 2089 656 2154 gentis
689 2108 692 2116 Δ

102 2165 193 2213 Diversi
204 2166 338 2230 explorant3
349 2165 399 2215 hoec
409 2167 481 2216 sontis
491 2180 571 2231 stagna
582 2165 688 2226 Numici,

102 2247 172 2292 Hunc
178 2245 270 2292 Tibrim
279 2243 393 2303 durium,
403 2244 442 2292 hic
452 2246 522 2294 fortes
531 2244 638 2292 hahitare
646 2244 749 2293 Latinos.

101 2324 164 2370 Tiun
174 2335 238 2372 satus
246 2321 349 2371 Anchisd
358 2323 460 2372 delectos
469 2325 552 2373 ordine
562 2323 593 2371 ab
600 2322 666 2372 omni

102 2405 205 2450 Centum
214 2413 316 2451 oratores
326 2404 464 2470 augusta‘ad
473 2403 561 2452 moenia
571 2403 640 2468 Regia

103 2485 139 2528 Ire
149 2479 228 2544 jubet,
238 2483 308 2530 ramis
319 2484 407 2531 velatos
415 2483 517 2532 Palladis
525 2497 623 2542 omnes;

103 2562 217 2624 Donaque
227 2559 286 2610 senne
296 2561 360 2620 viro,
370 2578 499 2627 pacemque
509 2577 632 2627 exposcere
641 2563 744 2608 Teucria

102 2638 173 2686 Haud
182 2655 261 2699 mora3
273 2639 383 2688 festinant
392 2641 464 2704 jussi,
474 2641 607 2707 rapidisque
617 2639 728 2688 senmtur

102 2717 212 2766 Passibus
223 2737 229 2767 t
240 2719 290 2784 ipse
299 2717 385 2766 humili
395 2719 500 2785 designa
509 2721 597 2769 moenia
607 2719 680 2776 fossa,

103 2797 246 2862 Moliturque
253 2799 345 2857 locum,
355 2799 489 2864 primasque
497 2801 522 2847 in
531 2800 609 2848 littore
618 2796 698 2856 sedes,
740 2826 744 2833 ·
808 2830 816 2837 ψ

103 2879 239 2926 Castrorum
248 2879 273 2926 in
282 2889 383 2937 moratu,
393 2878 473 2945 pinnis
482 2888 552 2943 atque
562 2887 644 2944 aggere
653 2874 732 2940 cingit.

104 2973 129 3007 v.
151 2971 212 3025 109.
