<?xml version="1.0" encoding="UTF-8"?>
<!DOCTYPE html PUBLIC "-//W3C//DTD XHTML 1.0 Transitional//EN"
    "http://www.w3.org/TR/xhtml1/DTD/xhtml1-transitional.dtd">
<html xmlns="http://www.w3.org/1999/xhtml" xml:lang="en" lang="en">
 <head>
  <title>
</title>
<meta http-equiv="Content-Type" content="text/html;charset=utf-8" />
  <meta name='ocr-system' content='tesseract 3.04.00' />
  <meta name='ocr-capabilities' content='ocr_page ocr_carea ocr_par ocr_line ocrx_word'/>
</head>
<body>
  <div class='ocr_page' id='page_1' title='image "./bucolicageorgic01virggoog_0204.png"; bbox 0 0 1974 3772; ppageno 0'>
   <div class='ocr_carea' id='block_1_1' title="bbox 373 250 866 304">
    <p class='ocr_par' dir='ltr' id='par_1_1' title="bbox 373 250 866 304">
     <span class='ocr_line' id='line_1_1' title="bbox 373 250 866 304; baseline 0.014 -9"><span class='ocrx_word' id='word_1_1' title='bbox 373 250 496 298; x_wconf 68' lang='lat' dir='ltr'>murts.</span> <span class='ocrx_word' id='word_1_2' title='bbox 511 252 579 300; x_wconf 77' lang='lat' dir='ltr'>tta,</span> <span class='ocrx_word' id='word_1_3' title='bbox 593 255 623 301; x_wconf 75' lang='lat' dir='ltr'>V.</span> <span class='ocrx_word' id='word_1_4' title='bbox 817 265 866 304; x_wconf 74' lang='lat'>211</span> 
     </span>
    </p>
   </div>
   <div class='ocr_carea' id='block_1_2' title="bbox 98 341 887 3010">
    <p class='ocr_par' dir='ltr' id='par_1_2' title="bbox 125 341 809 810">
     <span class='ocr_line' id='line_1_2' title="bbox 128 341 809 412; baseline 0.003 -16"><span class='ocrx_word' id='word_1_5' title='bbox 128 349 240 406; x_wconf 78' lang='lat' dir='ltr'><strong>Rettulit,</strong></span> <span class='ocrx_word' id='word_1_6' title='bbox 249 360 272 396; x_wconf 89' lang='lat' dir='ltr'>ct</span> <span class='ocrx_word' id='word_1_7' title='bbox 281 350 369 412; x_wconf 81' lang='lat' dir='ltr'>priscos</span> <span class='ocrx_word' id='word_1_8' title='bbox 380 349 459 400; x_wconf 80' lang='lat' dir='ltr'>docuit</span> <span class='ocrx_word' id='word_1_9' title='bbox 468 341 584 399; x_wconf 78' lang='lat' dir='ltr'>celebrare</span> <span class='ocrx_word' id='word_1_10' title='bbox 594 350 703 407; x_wconf 73' lang='lat' dir='ltr'>Latinos,</span> <span class='ocrx_word' id='word_1_11' title='bbox 806 358 809 367; x_wconf 83' lang='grc'><em>“</em></span> 
     </span>
     <span class='ocr_line' id='line_1_3' title="bbox 128 427 735 494; baseline 0.002 -19"><span class='ocrx_word' id='word_1_12' title='bbox 128 432 184 492; x_wconf 86' lang='lat' dir='ltr'>Quo</span> <span class='ocrx_word' id='word_1_13' title='bbox 194 428 311 492; x_wconf 80' lang='lat' dir='ltr'>pueripse</span> <span class='ocrx_word' id='word_1_14' title='bbox 321 427 405 485; x_wconf 88' lang='lat' dir='ltr'>modo,</span> <span class='ocrx_word' id='word_1_15' title='bbox 415 443 495 476; x_wconf 83' lang='lat' dir='ltr'>secum</span> <span class='ocrx_word' id='word_1_16' title='bbox 503 444 552 491; x_wconf 85' lang='lat' dir='ltr'>qun</span> <span class='ocrx_word' id='word_1_17' title='bbox 562 432 632 484; x_wconf 68' lang='lat' dir='ltr'>Traia</span> <span class='ocrx_word' id='word_1_18' title='bbox 641 429 719 494; x_wconf 78' lang='lat' dir='ltr'>pulsos</span> <span class='ocrx_word' id='word_1_19' title='bbox 729 450 735 476; x_wconf 72' lang='grc'>;</span> 
     </span>
     <span class='ocr_line' id='line_1_4' title="bbox 126 504 666 572; baseline 0.004 -18"><span class='ocrx_word' id='word_1_20' title='bbox 126 507 214 554; x_wconf 86' lang='lat' dir='ltr'>Albani</span> <span class='ocrx_word' id='word_1_21' title='bbox 225 507 325 554; x_wconf 76' lang='lat' dir='ltr'>docuere</span> <span class='ocrx_word' id='word_1_22' title='bbox 335 523 390 555; x_wconf 82' lang='lat' dir='ltr'>snos</span> <span class='ocrx_word' id='word_1_23' title='bbox 401 525 407 553; x_wconf 90' lang='lat'>:</span> <span class='ocrx_word' id='word_1_24' title='bbox 417 504 474 555; x_wconf 85' lang='lat' dir='ltr'>hinc</span> <span class='ocrx_word' id='word_1_25' title='bbox 483 507 584 556; x_wconf 79' lang='lat' dir='ltr'>maxime</span> <span class='ocrx_word' id='word_1_26' title='bbox 594 509 666 572; x_wconf 83' lang='lat' dir='ltr'>porrh</span> 
     </span>
     <span class='ocr_line' id='line_1_5' title="bbox 126 585 714 651; baseline -0.002 -16"><span class='ocrx_word' id='word_1_27' title='bbox 126 586 224 651; x_wconf 83' lang='lat' dir='ltr'>Accepit</span> <span class='ocrx_word' id='word_1_28' title='bbox 234 589 322 646; x_wconf 79' lang='lat' dir='ltr'>Rome,</span> <span class='ocrx_word' id='word_1_29' title='bbox 330 599 353 634; x_wconf 91' lang='lat' dir='ltr'>et</span> <span class='ocrx_word' id='word_1_30' title='bbox 363 585 467 650; x_wconf 85' lang='lat' dir='ltr'>patrium</span> <span class='ocrx_word' id='word_1_31' title='bbox 476 587 577 636; x_wconf 76' lang='lat' dir='ltr'>seruerit</span> <span class='ocrx_word' id='word_1_32' title='bbox 586 585 700 636; x_wconf 86' lang='lat' dir='ltr'>honorem</span> <span class='ocrx_word' id='word_1_33' title='bbox 708 606 714 647; x_wconf 89' lang='grc'>;</span> 
     </span>
     <span class='ocr_line' id='line_1_6' title="bbox 125 663 758 732; baseline 0.002 -19"><span class='ocrx_word' id='word_1_34' title='bbox 125 663 243 729; x_wconf 76' lang='lat' dir='ltr'>Troiaque</span> <span class='ocrx_word' id='word_1_35' title='bbox 256 681 332 723; x_wconf 88' lang='lat' dir='ltr'>nunc,</span> <span class='ocrx_word' id='word_1_36' title='bbox 342 666 424 730; x_wconf 86' lang='lat' dir='ltr'>pueri,</span> <span class='ocrx_word' id='word_1_37' title='bbox 433 664 564 729; x_wconf 79' lang='lat' dir='ltr'>Trojennm</span> <span class='ocrx_word' id='word_1_38' title='bbox 572 666 659 714; x_wconf 79' lang='lat' dir='ltr'>dieitur</span> <span class='ocrx_word' id='word_1_39' title='bbox 668 682 758 732; x_wconf 79' lang='lat' dir='ltr'>agmen.</span> 
     </span>
     <span class='ocr_line' id='line_1_7' title="bbox 125 743 683 810; baseline 0.002 -18"><span class='ocrx_word' id='word_1_40' title='bbox 125 745 176 793; x_wconf 79' lang='lat' dir='ltr'>nte</span> <span class='ocrx_word' id='word_1_41' title='bbox 186 743 300 793; x_wconf 80' lang='lat' dir='ltr'>celebrata</span> <span class='ocrx_word' id='word_1_42' title='bbox 309 743 379 792; x_wconf 86' lang='lat' dir='ltr'>tentis</span> <span class='ocrx_word' id='word_1_43' title='bbox 390 757 469 793; x_wconf 74' lang='lat' dir='ltr'>sancto</span> <span class='ocrx_word' id='word_1_44' title='bbox 479 746 604 795; x_wconf 76' lang='lat' dir='ltr'>certamina</span> <span class='ocrx_word' id='word_1_45' title='bbox 611 747 683 810; x_wconf 78' lang='lat' dir='ltr'>paeri.</span> 
     </span>
    </p>

    <p class='ocr_par' dir='ltr' id='par_1_3' title="bbox 104 822 887 1521">
     <span class='ocr_line' id='line_1_8' title="bbox 165 822 722 888; baseline 0.004 -17"><span class='ocrx_word' id='word_1_46' title='bbox 165 824 210 872; x_wconf 86' lang='lat' dir='ltr'>Hic</span> <span class='ocrx_word' id='word_1_47' title='bbox 219 824 324 888; x_wconf 81' lang='lat' dir='ltr'>primitur</span> <span class='ocrx_word' id='word_1_48' title='bbox 335 824 428 872; x_wconf 72' lang='lat' dir='ltr'>fortuma</span> <span class='ocrx_word' id='word_1_49' title='bbox 440 822 511 872; x_wconf 84' lang='lat' dir='ltr'>iidem</span> <span class='ocrx_word' id='word_1_50' title='bbox 519 835 610 873; x_wconf 83' lang='lat' dir='ltr'>mutate</span> <span class='ocrx_word' id='word_1_51' title='bbox 618 825 722 873; x_wconf 77' lang='lat' dir='ltr'>noverit.</span> 
     </span>
     <span class='ocr_line' id='line_1_9' title="bbox 104 902 759 962; baseline 0.002 -11"><span class='ocrx_word' id='word_1_52' title='bbox 104 935 106 943; x_wconf 53' lang='grc' dir='ltr'><strong><em>ι</em></strong></span> <span class='ocrx_word' id='word_1_53' title='bbox 126 905 190 951; x_wconf 81' lang='lat' dir='ltr'>Dum</span> <span class='ocrx_word' id='word_1_54' title='bbox 200 904 269 952; x_wconf 82' lang='lat' dir='ltr'>variis</span> <span class='ocrx_word' id='word_1_55' title='bbox 279 905 372 952; x_wconf 83' lang='lat' dir='ltr'>tumulo</span> <span class='ocrx_word' id='word_1_56' title='bbox 383 902 487 952; x_wconf 86' lang='lat' dir='ltr'>referunt</span> <span class='ocrx_word' id='word_1_57' title='bbox 497 905 609 952; x_wconf 80' lang='lat' dir='ltr'>solemnia</span> <span class='ocrx_word' id='word_1_58' title='bbox 619 904 696 962; x_wconf 85' lang='lat' dir='ltr'>ludis,</span> <span class='ocrx_word' id='word_1_59' title='bbox 755 918 759 926; x_wconf 91' lang='lat'>·</span> 
     </span>
     <span class='ocr_line' id='line_1_10' title="bbox 125 981 612 1042; baseline 0 -12"><span class='ocrx_word' id='word_1_60' title='bbox 125 983 181 1030; x_wconf 90' lang='lat' dir='ltr'>lrim</span> <span class='ocrx_word' id='word_1_61' title='bbox 189 982 218 1030; x_wconf 90' lang='lat' dir='ltr'>de</span> <span class='ocrx_word' id='word_1_62' title='bbox 228 981 288 1030; x_wconf 80' lang='lat' dir='ltr'>ortelo</span> <span class='ocrx_word' id='word_1_63' title='bbox 298 983 362 1031; x_wconf 84' lang='lat' dir='ltr'>mitit</span> <span class='ocrx_word' id='word_1_64' title='bbox 370 984 479 1031; x_wconf 79' lang='lat' dir='ltr'>Saturnia</span> <span class='ocrx_word' id='word_1_65' title='bbox 487 988 551 1032; x_wconf 89' lang='lat' dir='ltr'>Juno</span> <span class='ocrx_word' id='word_1_66' title='bbox 610 1039 612 1042; x_wconf 22' lang='grc' dir='ltr'>Ι</span> 
     </span>
     <span class='ocr_line' id='line_1_11' title="bbox 125 1060 717 1125; baseline 0.002 -16"><span class='ocrx_word' id='word_1_67' title='bbox 125 1061 220 1110; x_wconf 88' lang='lat' dir='ltr'>Iliacam</span> <span class='ocrx_word' id='word_1_68' title='bbox 229 1061 259 1110; x_wconf 84' lang='lat' dir='ltr'>ed</span> <span class='ocrx_word' id='word_1_69' title='bbox 268 1060 377 1118; x_wconf 80' lang='lat' dir='ltr'>classem,</span> <span class='ocrx_word' id='word_1_70' title='bbox 387 1073 516 1124; x_wconf 85' lang='lat' dir='ltr'>ventosque</span> <span class='ocrx_word' id='word_1_71' title='bbox 527 1061 630 1125; x_wconf 78' lang='lat' dir='ltr'>adspirat</span> <span class='ocrx_word' id='word_1_72' title='bbox 639 1061 717 1121; x_wconf 85' lang='lat' dir='ltr'>etmti,</span> 
     </span>
     <span class='ocr_line' id='line_1_12' title="bbox 124 1140 802 1204; baseline 0.001 -15"><span class='ocrx_word' id='word_1_73' title='bbox 124 1142 200 1189; x_wconf 82' lang='lat' dir='ltr'>Multa</span> <span class='ocrx_word' id='word_1_74' title='bbox 209 1155 320 1199; x_wconf 78' lang='lat' dir='ltr'>movens,</span> <span class='ocrx_word' id='word_1_75' title='bbox 331 1140 433 1188; x_wconf 85' lang='lat' dir='ltr'>neodhm</span> <span class='ocrx_word' id='word_1_76' title='bbox 442 1140 567 1204; x_wconf 83' lang='lat' dir='ltr'>antiquum</span> <span class='ocrx_word' id='word_1_77' title='bbox 576 1152 679 1189; x_wconf 75' lang='lat' dir='ltr'>satietate</span> <span class='ocrx_word' id='word_1_78' title='bbox 688 1140 802 1190; x_wconf 62' lang='lat' dir='ltr'>dolorem:</span> 
     </span>
     <span class='ocr_line' id='line_1_13' title="bbox 125 1219 722 1283; baseline 0.003 -16"><span class='ocrx_word' id='word_1_79' title='bbox 125 1221 181 1277; x_wconf 81' lang='lat' dir='ltr'>Ille,</span> <span class='ocrx_word' id='word_1_80' title='bbox 192 1219 256 1268; x_wconf 80' lang='lat' dir='ltr'>viam</span> <span class='ocrx_word' id='word_1_81' title='bbox 264 1219 367 1267; x_wconf 83' lang='lat' dir='ltr'>celerans</span> <span class='ocrx_word' id='word_1_82' title='bbox 377 1234 419 1283; x_wconf 86' lang='lat' dir='ltr'>per</span> <span class='ocrx_word' id='word_1_83' title='bbox 428 1219 493 1267; x_wconf 89' lang='lat' dir='ltr'>mille</span> <span class='ocrx_word' id='word_1_84' title='bbox 499 1219 618 1268; x_wconf 87' lang='lat' dir='ltr'>coloribus</span> <span class='ocrx_word' id='word_1_85' title='bbox 627 1235 722 1278; x_wconf 75' lang='lat' dir='ltr'>meum,</span> 
     </span>
     <span class='ocr_line' id='line_1_14' title="bbox 125 1298 755 1367; baseline 0 -21"><span class='ocrx_word' id='word_1_86' title='bbox 125 1298 191 1346; x_wconf 79' lang='lat' dir='ltr'>Nulli</span> <span class='ocrx_word' id='word_1_87' title='bbox 200 1298 261 1356; x_wconf 81' lang='lat' dir='ltr'>visa,</span> <span class='ocrx_word' id='word_1_88' title='bbox 272 1298 319 1346; x_wconf 88' lang='lat' dir='ltr'>cito</span> <span class='ocrx_word' id='word_1_89' title='bbox 329 1298 432 1346; x_wconf 74' lang='lat' dir='ltr'>decurrit</span> <span class='ocrx_word' id='word_1_90' title='bbox 441 1298 534 1346; x_wconf 79' lang='lat' dir='ltr'>tramite</span> <span class='ocrx_word' id='word_1_91' title='bbox 544 1298 617 1364; x_wconf 73' lang='lat' dir='ltr'>virgo.</span> <span class='ocrx_word' id='word_1_92' title='bbox 648 1357 651 1363; x_wconf 27' lang='grc' dir='ltr'>Ι</span> <span class='ocrx_word' id='word_1_93' title='bbox 752 1361 755 1367; x_wconf 68' lang='lat'>,</span> 
     </span>
     <span class='ocr_line' id='line_1_15' title="bbox 123 1377 887 1443; baseline 0.001 -17"><span class='ocrx_word' id='word_1_94' title='bbox 123 1377 246 1442; x_wconf 78' lang='lat' dir='ltr'>Conspicit</span> <span class='ocrx_word' id='word_1_95' title='bbox 255 1378 374 1443; x_wconf 82' lang='lat' dir='ltr'>ingentem</span> <span class='ocrx_word' id='word_1_96' title='bbox 383 1393 537 1436; x_wconf 70' lang='lat' dir='ltr'>concursum</span> <span class='ocrx_word' id='word_1_97' title='bbox 548 1389 572 1426; x_wconf 89' lang='lat' dir='ltr'>ct</span> <span class='ocrx_word' id='word_1_98' title='bbox 581 1378 659 1427; x_wconf 78' lang='lat' dir='ltr'>littora</span> <span class='ocrx_word' id='word_1_99' title='bbox 668 1377 785 1438; x_wconf 79' lang='lat' dir='ltr'>lustrans,</span> <span class='ocrx_word' id='word_1_100' title='bbox 828 1396 830 1401; x_wconf 94' lang='lat'>·</span> <span class='ocrx_word' id='word_1_101' title='bbox 885 1437 887 1440; x_wconf 86' lang='lat'>.</span> 
     </span>
     <span class='ocr_line' id='line_1_16' title="bbox 125 1456 734 1521; baseline 0.005 -18"><span class='ocrx_word' id='word_1_102' title='bbox 125 1459 280 1521; x_wconf 86' lang='lat' dir='ltr'>Desertosque</span> <span class='ocrx_word' id='word_1_103' title='bbox 290 1456 356 1505; x_wconf 86' lang='lat' dir='ltr'>videt</span> <span class='ocrx_word' id='word_1_104' title='bbox 364 1468 460 1521; x_wconf 87' lang='lat' dir='ltr'>portus,</span> <span class='ocrx_word' id='word_1_105' title='bbox 469 1456 614 1520; x_wconf 76' lang='lat' dir='ltr'>classemque</span> <span class='ocrx_word' id='word_1_106' title='bbox 624 1456 734 1506; x_wconf 84' lang='lat' dir='ltr'>relictam</span> 
     </span>
    </p>

    <p class='ocr_par' dir='ltr' id='par_1_4' title="bbox 98 1535 818 3010">
     <span class='ocr_line' id='line_1_17' title="bbox 164 1535 655 1600; baseline 0 -17"><span class='ocrx_word' id='word_1_107' title='bbox 164 1535 196 1583; x_wconf 87' lang='lat' dir='ltr'>At</span> <span class='ocrx_word' id='word_1_108' title='bbox 206 1535 290 1600; x_wconf 88' lang='lat' dir='ltr'>procul</span> <span class='ocrx_word' id='word_1_109' title='bbox 299 1536 324 1582; x_wconf 92' lang='lat' dir='ltr'>in</span> <span class='ocrx_word' id='word_1_110' title='bbox 332 1536 383 1583; x_wconf 70' lang='lat' dir='ltr'>soll</span> <span class='ocrx_word' id='word_1_111' title='bbox 391 1547 484 1584; x_wconf 72' lang='lat' dir='ltr'>secretio</span> <span class='ocrx_word' id='word_1_112' title='bbox 492 1535 594 1583; x_wconf 86' lang='lat' dir='ltr'>Troades</span> <span class='ocrx_word' id='word_1_113' title='bbox 604 1538 655 1583; x_wconf 70' lang='lat' dir='ltr'>ectu</span> 
     </span>
     <span class='ocr_line' id='line_1_18' title="bbox 124 1611 789 1679; baseline 0 -16"><span class='ocrx_word' id='word_1_114' title='bbox 124 1613 245 1663; x_wconf 76' lang='lat' dir='ltr'>Amissum</span> <span class='ocrx_word' id='word_1_115' title='bbox 254 1611 373 1663; x_wconf 78' lang='lat' dir='ltr'>Anchisen</span> <span class='ocrx_word' id='word_1_116' title='bbox 384 1612 484 1672; x_wconf 83' lang='lat' dir='ltr'>flebant,</span> <span class='ocrx_word' id='word_1_117' title='bbox 494 1625 632 1678; x_wconf 63' lang='lat' dir='ltr'>cuncteque</span> <span class='ocrx_word' id='word_1_118' title='bbox 641 1612 789 1679; x_wconf 80' lang='lat' dir='ltr'>profundum</span> 
     </span>
     <span class='ocr_line' id='line_1_19' title="bbox 124 1692 752 1759; baseline 0.002 -19"><span class='ocrx_word' id='word_1_119' title='bbox 124 1696 227 1742; x_wconf 83' lang='lat' dir='ltr'>Pontum</span> <span class='ocrx_word' id='word_1_120' title='bbox 237 1693 387 1759; x_wconf 72' lang='lat' dir='ltr'>aspectabant</span> <span class='ocrx_word' id='word_1_121' title='bbox 396 1692 485 1742; x_wconf 75' lang='lat' dir='ltr'>flentes</span> <span class='ocrx_word' id='word_1_122' title='bbox 495 1693 562 1741; x_wconf 82' lang='lat' dir='ltr'>Heu!</span> <span class='ocrx_word' id='word_1_123' title='bbox 573 1705 609 1741; x_wconf 88' lang='lat' dir='ltr'>tot</span> <span class='ocrx_word' id='word_1_124' title='bbox 618 1693 677 1741; x_wconf 81' lang='lat' dir='ltr'>reda</span> <span class='ocrx_word' id='word_1_125' title='bbox 687 1692 752 1741; x_wconf 81' lang='lat' dir='ltr'>fessis</span> 
     </span>
     <span class='ocr_line' id='line_1_20' title="bbox 123 1771 724 1836; baseline -0.003 -16"><span class='ocrx_word' id='word_1_126' title='bbox 123 1776 155 1820; x_wconf 87' lang='lat' dir='ltr'>Et</span> <span class='ocrx_word' id='word_1_127' title='bbox 164 1773 259 1820; x_wconf 79' lang='lat' dir='ltr'>tontum</span> <span class='ocrx_word' id='word_1_128' title='bbox 267 1787 386 1836; x_wconf 73' lang='lat' dir='ltr'>superesse</span> <span class='ocrx_word' id='word_1_129' title='bbox 396 1772 467 1820; x_wconf 82' lang='lat' dir='ltr'>maris</span> <span class='ocrx_word' id='word_1_130' title='bbox 475 1773 480 1820; x_wconf 92' lang='lat'><strong>!</strong></span> <span class='ocrx_word' id='word_1_131' title='bbox 492 1788 539 1820; x_wconf 83' lang='lat' dir='ltr'>vox</span> <span class='ocrx_word' id='word_1_132' title='bbox 549 1771 661 1821; x_wconf 85' lang='lat' dir='ltr'>omnibus</span> <span class='ocrx_word' id='word_1_133' title='bbox 668 1787 724 1820; x_wconf 83' lang='lat' dir='ltr'>nne.</span> 
     </span>
     <span class='ocr_line' id='line_1_21' title="bbox 124 1850 702 1916; baseline -0.002 -17"><span class='ocrx_word' id='word_1_134' title='bbox 124 1851 214 1899; x_wconf 85' lang='lat' dir='ltr'>Urbem</span> <span class='ocrx_word' id='word_1_135' title='bbox 222 1862 304 1910; x_wconf 79' lang='lat' dir='ltr'>orant3</span> <span class='ocrx_word' id='word_1_136' title='bbox 315 1851 385 1899; x_wconf 79' lang='lat' dir='ltr'>taedet</span> <span class='ocrx_word' id='word_1_137' title='bbox 393 1851 469 1916; x_wconf 81' lang='lat' dir='ltr'>pelagi</span> <span class='ocrx_word' id='word_1_138' title='bbox 479 1850 581 1916; x_wconf 85' lang='lat' dir='ltr'>perferre</span> <span class='ocrx_word' id='word_1_139' title='bbox 590 1851 702 1899; x_wconf 81' lang='lat' dir='ltr'>laborem.</span> 
     </span>
     <span class='ocr_line' id='line_1_22' title="bbox 123 1928 688 1996; baseline 0 -18"><span class='ocrx_word' id='word_1_140' title='bbox 123 1933 185 1994; x_wconf 81' lang='lat' dir='ltr'>Ergo</span> <span class='ocrx_word' id='word_1_141' title='bbox 195 1931 257 1978; x_wconf 89' lang='lat' dir='ltr'>inter</span> <span class='ocrx_word' id='word_1_142' title='bbox 266 1930 354 1978; x_wconf 78' lang='lat' dir='ltr'>medias</span> <span class='ocrx_word' id='word_1_143' title='bbox 364 1947 412 1979; x_wconf 83' lang='lat' dir='ltr'>sese</span> <span class='ocrx_word' id='word_1_144' title='bbox 421 1928 488 1979; x_wconf 80' lang='lat' dir='ltr'>haud</span> <span class='ocrx_word' id='word_1_145' title='bbox 497 1931 576 1996; x_wconf 59' lang='grc' dir='ltr'>ἰςῑιαῐα</span> <span class='ocrx_word' id='word_1_146' title='bbox 586 1930 688 1979; x_wconf 81' lang='lat' dir='ltr'>nocendi</span> 
     </span>
     <span class='ocr_line' id='line_1_23' title="bbox 122 2002 729 2074; baseline -0.002 -16"><span class='ocrx_word' id='word_1_147' title='bbox 122 2002 236 2071; x_wconf 85' lang='lat' dir='ltr'>Conjicit,</span> <span class='ocrx_word' id='word_1_148' title='bbox 247 2021 270 2058; x_wconf 86' lang='lat' dir='ltr'>et</span> <span class='ocrx_word' id='word_1_149' title='bbox 279 2010 409 2073; x_wconf 86' lang='lat' dir='ltr'>faciemque</span> <span class='ocrx_word' id='word_1_150' title='bbox 419 2013 474 2058; x_wconf 75' lang='lat' dir='ltr'>nee</span> <span class='ocrx_word' id='word_1_151' title='bbox 484 2022 619 2074; x_wconf 83' lang='lat' dir='ltr'>vestemque</span> <span class='ocrx_word' id='word_1_152' title='bbox 629 2008 729 2074; x_wconf 77' lang='lat' dir='ltr'>reponit</span> 
     </span>
     <span class='ocr_line' id='line_1_24' title="bbox 123 2087 687 2155; baseline 0.002 -20"><span class='ocrx_word' id='word_1_153' title='bbox 123 2087 161 2135; x_wconf 87' lang='lat' dir='ltr'>Fit</span> <span class='ocrx_word' id='word_1_154' title='bbox 171 2091 255 2146; x_wconf 70' lang='grc' dir='ltr'>Βετοὲ,</span> <span class='ocrx_word' id='word_1_155' title='bbox 266 2089 355 2136; x_wconf 85' lang='lat' dir='ltr'>lsmtrii</span> <span class='ocrx_word' id='word_1_156' title='bbox 366 2087 452 2153; x_wconf 82' lang='lat' dir='ltr'>oonjux</span> <span class='ocrx_word' id='word_1_157' title='bbox 461 2089 567 2155; x_wconf 70' lang='lat' dir='ltr'>longeest</span> <span class='ocrx_word' id='word_1_158' title='bbox 578 2087 687 2154; x_wconf 81' lang='lat' dir='ltr'>Dorycli,</span> 
     </span>
     <span class='ocr_line' id='line_1_25' title="bbox 122 2165 765 2232; baseline -0.002 -16"><span class='ocrx_word' id='word_1_159' title='bbox 122 2166 167 2216; x_wconf 87' lang='lat' dir='ltr'>Cui</span> <span class='ocrx_word' id='word_1_160' title='bbox 177 2183 264 2232; x_wconf 83' lang='lat' dir='ltr'>genus,</span> <span class='ocrx_word' id='word_1_161' title='bbox 274 2181 298 2216; x_wconf 87' lang='lat' dir='ltr'>et</span> <span class='ocrx_word' id='word_1_162' title='bbox 307 2167 428 2231; x_wconf 78' lang='lat' dir='ltr'>quondam</span> <span class='ocrx_word' id='word_1_163' title='bbox 437 2184 537 2226; x_wconf 85' lang='lat' dir='ltr'>nomen,</span> <span class='ocrx_word' id='word_1_164' title='bbox 547 2168 642 2230; x_wconf 76' lang='lat' dir='ltr'>sistique</span> <span class='ocrx_word' id='word_1_165' title='bbox 653 2165 765 2227; x_wconf 80' lang='lat' dir='ltr'>fuissent3</span> 
     </span>
     <span class='ocr_line' id='line_1_26' title="bbox 123 2245 739 2296; baseline -0.003 -2"><span class='ocrx_word' id='word_1_166' title='bbox 123 2245 157 2294; x_wconf 87' lang='lat' dir='ltr'>Ac</span> <span class='ocrx_word' id='word_1_167' title='bbox 167 2247 199 2294; x_wconf 90' lang='lat' dir='ltr'>sic</span> <span class='ocrx_word' id='word_1_168' title='bbox 211 2245 371 2294; x_wconf 75' lang='lat' dir='ltr'>Dardanidum</span> <span class='ocrx_word' id='word_1_169' title='bbox 381 2247 517 2294; x_wconf 85' lang='lat' dir='ltr'>mediemse</span> <span class='ocrx_word' id='word_1_170' title='bbox 526 2247 642 2296; x_wconf 84' lang='lat' dir='ltr'>matribus</span> <span class='ocrx_word' id='word_1_171' title='bbox 652 2245 722 2294; x_wconf 79' lang='lat' dir='ltr'>insert</span> <span class='ocrx_word' id='word_1_172' title='bbox 733 2264 739 2292; x_wconf 89' lang='lat'>:</span> 
     </span>
     <span class='ocr_line' id='line_1_27' title="bbox 122 2324 772 2390; baseline 0.003 -17"><span class='ocrx_word' id='word_1_173' title='bbox 122 2327 143 2373; x_wconf 92' lang='lat'>0</span> <span class='ocrx_word' id='word_1_174' title='bbox 152 2325 256 2382; x_wconf 84' lang='lat' dir='ltr'>miserae,</span> <span class='ocrx_word' id='word_1_175' title='bbox 266 2342 324 2389; x_wconf 89' lang='lat' dir='ltr'>quas</span> <span class='ocrx_word' id='word_1_176' title='bbox 335 2343 384 2373; x_wconf 91' lang='lat' dir='ltr'>non</span> <span class='ocrx_word' id='word_1_177' title='bbox 392 2342 477 2373; x_wconf 86' lang='lat' dir='ltr'>monus</span> <span class='ocrx_word' id='word_1_178' title='bbox 483 2346 494 2383; x_wconf 76' lang='lat'>,=</span> <span class='ocrx_word' id='word_1_179' title='bbox 498 2326 588 2390; x_wconf 85' lang='lat' dir='ltr'>inquit,</span> <span class='ocrx_word' id='word_1_180' title='bbox 597 2324 700 2374; x_wconf 78' lang='lat' dir='ltr'>Achaico</span> <span class='ocrx_word' id='word_1_181' title='bbox 709 2325 772 2375; x_wconf 82' lang='lat' dir='ltr'>hello</span> 
     </span>
     <span class='ocr_line' id='line_1_28' title="bbox 121 2401 731 2471; baseline 0.002 -19"><span class='ocrx_word' id='word_1_182' title='bbox 121 2404 226 2452; x_wconf 78' lang='lat' dir='ltr'>Truxerit</span> <span class='ocrx_word' id='word_1_183' title='bbox 237 2403 267 2451; x_wconf 89' lang='lat' dir='ltr'>ad</span> <span class='ocrx_word' id='word_1_184' title='bbox 276 2405 350 2452; x_wconf 87' lang='lat' dir='ltr'>letum</span> <span class='ocrx_word' id='word_1_185' title='bbox 360 2401 441 2470; x_wconf 83' lang='lat' dir='ltr'>patriae¹</span> <span class='ocrx_word' id='word_1_186' title='bbox 451 2404 497 2454; x_wconf 87' lang='lat' dir='ltr'>suh</span> <span class='ocrx_word' id='word_1_187' title='bbox 506 2405 639 2454; x_wconf 86' lang='lat' dir='ltr'>moenibus!</span> <span class='ocrx_word' id='word_1_188' title='bbox 651 2407 665 2453; x_wconf 81' lang='lat' dir='ltr'>d</span> <span class='ocrx_word' id='word_1_189' title='bbox 675 2421 731 2471; x_wconf 74' lang='lat' dir='ltr'>gens</span> 
     </span>
     <span class='ocr_line' id='line_1_29' title="bbox 121 2481 607 2541; baseline 0.006 -12"><span class='ocrx_word' id='word_1_190' title='bbox 121 2481 267 2541; x_wconf 80' lang='lat' dir='ltr'>lnfeli1,cui</span> <span class='ocrx_word' id='word_1_191' title='bbox 278 2495 300 2531; x_wconf 89' lang='lat' dir='ltr'>te</span> <span class='ocrx_word' id='word_1_192' title='bbox 308 2485 378 2532; x_wconf 80' lang='lat' dir='ltr'>exitio</span> <span class='ocrx_word' id='word_1_193' title='bbox 389 2485 483 2534; x_wconf 82' lang='lat' dir='ltr'>fortuna</span> <span class='ocrx_word' id='word_1_194' title='bbox 492 2486 607 2534; x_wconf 80' lang='lat' dir='ltr'>reservat!</span> 
     </span>
     <span class='ocr_line' id='line_1_30' title="bbox 121 2562 755 2629; baseline 0 -19"><span class='ocrx_word' id='word_1_195' title='bbox 121 2563 225 2627; x_wconf 82' lang='lat' dir='ltr'>Septima</span> <span class='ocrx_word' id='word_1_196' title='bbox 235 2575 290 2626; x_wconf 84' lang='lat' dir='ltr'>post</span> <span class='ocrx_word' id='word_1_197' title='bbox 298 2562 375 2627; x_wconf 81' lang='lat' dir='ltr'>Trojse</span> <span class='ocrx_word' id='word_1_198' title='bbox 383 2565 500 2613; x_wconf 83' lang='lat' dir='ltr'>excidium</span> <span class='ocrx_word' id='word_1_199' title='bbox 509 2563 557 2629; x_wconf 86' lang='lat' dir='ltr'>jam</span> <span class='ocrx_word' id='word_1_200' title='bbox 566 2565 666 2615; x_wconf 84' lang='lat' dir='ltr'>vertitur</span> <span class='ocrx_word' id='word_1_201' title='bbox 675 2575 755 2621; x_wconf 68' lang='lat' dir='ltr'>astas,</span> 
     </span>
     <span class='ocr_line' id='line_1_31' title="bbox 121 2639 751 2708; baseline 0.002 -20"><span class='ocrx_word' id='word_1_202' title='bbox 121 2642 184 2689; x_wconf 76' lang='lat' dir='ltr'>cum</span> <span class='ocrx_word' id='word_1_203' title='bbox 193 2639 265 2699; x_wconf 84' lang='lat' dir='ltr'>freta,</span> <span class='ocrx_word' id='word_1_204' title='bbox 274 2643 329 2692; x_wconf 79' lang='lat' dir='ltr'>curn</span> <span class='ocrx_word' id='word_1_205' title='bbox 340 2655 411 2691; x_wconf 82' lang='lat' dir='ltr'>terres</span> <span class='ocrx_word' id='word_1_206' title='bbox 421 2659 515 2704; x_wconf 85' lang='lat' dir='ltr'>omues,</span> <span class='ocrx_word' id='word_1_207' title='bbox 524 2656 560 2693; x_wconf 85' lang='lat' dir='ltr'>tot</span> <span class='ocrx_word' id='word_1_208' title='bbox 570 2642 689 2708; x_wconf 75' lang='lat' dir='ltr'>inhospita</span> <span class='ocrx_word' id='word_1_209' title='bbox 698 2657 751 2690; x_wconf 83' lang='lat' dir='ltr'>saxa</span> 
     </span>
     <span class='ocr_line' id='line_1_32' title="bbox 121 2719 792 2788; baseline 0.001 -21"><span class='ocrx_word' id='word_1_210' title='bbox 121 2719 247 2785; x_wconf 83' lang='lat' dir='ltr'>Sideraque</span> <span class='ocrx_word' id='word_1_211' title='bbox 258 2737 356 2770; x_wconf 80' lang='lat' dir='ltr'>emensoe</span> <span class='ocrx_word' id='word_1_212' title='bbox 368 2720 477 2781; x_wconf 74' lang='lat' dir='ltr'>ferimur,</span> <span class='ocrx_word' id='word_1_213' title='bbox 488 2724 546 2772; x_wconf 82' lang='lat' dir='ltr'>dhm</span> <span class='ocrx_word' id='word_1_214' title='bbox 553 2739 597 2788; x_wconf 91' lang='lat' dir='ltr'>per</span> <span class='ocrx_word' id='word_1_215' title='bbox 606 2740 669 2771; x_wconf 83' lang='lat' dir='ltr'>mare</span> <span class='ocrx_word' id='word_1_216' title='bbox 678 2737 792 2786; x_wconf 78' lang='lat' dir='ltr'>magnum</span> 
     </span>
     <span class='ocr_line' id='line_1_33' title="bbox 120 2799 818 2867; baseline 0.003 -21"><span class='ocrx_word' id='word_1_217' title='bbox 120 2799 214 2848; x_wconf 75' lang='lat' dir='ltr'>Italiam</span> <span class='ocrx_word' id='word_1_218' title='bbox 222 2801 343 2865; x_wconf 87' lang='lat' dir='ltr'>sequimur</span> <span class='ocrx_word' id='word_1_219' title='bbox 353 2802 494 2867; x_wconf 76' lang='lat' dir='ltr'>fugientem,</span> <span class='ocrx_word' id='word_1_220' title='bbox 503 2816 527 2851; x_wconf 89' lang='lat' dir='ltr'>et</span> <span class='ocrx_word' id='word_1_221' title='bbox 537 2804 655 2852; x_wconf 80' lang='lat' dir='ltr'>volvimur</span> <span class='ocrx_word' id='word_1_222' title='bbox 666 2801 742 2849; x_wconf 85' lang='lat' dir='ltr'>undis.</span> <span class='ocrx_word' id='word_1_223' title='bbox 815 2852 818 2857; x_wconf 66' lang='grc'><strong>,</strong></span> 
     </span>
     <span class='ocr_line' id='line_1_34' title="bbox 98 2871 755 2950; baseline 0.003 -25"><span class='ocrx_word' id='word_1_224' title='bbox 98 2902 104 2915; x_wconf 64' lang='lat'><em>1</em></span> <span class='ocrx_word' id='word_1_225' title='bbox 122 2879 165 2925; x_wconf 75' lang='lat' dir='ltr'>Hic</span> <span class='ocrx_word' id='word_1_226' title='bbox 176 2871 264 2946; x_wconf 76' lang='lat' dir='ltr'>Erycis</span> <span class='ocrx_word' id='word_1_227' title='bbox 269 2879 327 2931; x_wconf 78' lang='lat' dir='ltr'>lines</span> <span class='ocrx_word' id='word_1_228' title='bbox 336 2880 445 2942; x_wconf 80' lang='lat' dir='ltr'>fraterni,</span> <span class='ocrx_word' id='word_1_229' title='bbox 455 2894 525 2949; x_wconf 81' lang='lat' dir='ltr'>atque</span> <span class='ocrx_word' id='word_1_230' title='bbox 535 2880 620 2950; x_wconf 85' lang='lat' dir='ltr'>hospes</span> <span class='ocrx_word' id='word_1_231' title='bbox 630 2882 725 2930; x_wconf 83' lang='lat' dir='ltr'>Acestes</span> <span class='ocrx_word' id='word_1_232' title='bbox 734 2897 740 2927; x_wconf 71' lang='lat' dir='ltr'>a</span> <span class='ocrx_word' id='word_1_233' title='bbox 751 2894 755 2902; x_wconf 92' lang='lat'><em>·</em></span> 
     </span>
     <span class='ocr_line' id='line_1_35' title="bbox 122 2959 230 3010; baseline 0.028 -3"><span class='ocrx_word' id='word_1_234' title='bbox 122 2975 146 3007; x_wconf 84' lang='lat' dir='ltr'>r.</span> <span class='ocrx_word' id='word_1_235' title='bbox 165 2959 230 3010; x_wconf 80' lang='lat'>630.</span> 
     </span>
    </p>
   </div>
   <div class='ocr_carea' id='block_1_3' title="bbox 0 0 992 3772">
    <p class='ocr_par' dir='ltr' id='par_1_5' title="bbox 0 0 992 3772">
     <span class='ocr_line' id='line_1_36' title="bbox 0 0 992 3772; baseline 0 2"><span class='ocrx_word' id='word_1_236' title='bbox 0 0 992 3772; x_wconf 95' lang='lat' dir='ltr'> </span> 
     </span>
    </p>
   </div>
  </div>
 </body>
</html>
