1974 3772
307 296 434 345 nanis.
456 298 522 343 ma.
543 298 580 351 11.
768 313 816 363 ιη

117 399 173 460 Quo
183 393 272 460 gemitu
282 398 388 442 conversi
398 395 482 454 animi,
492 411 638 460 compressus
649 408 672 445 et
682 398 758 446 omnia

76 480 182 541 Impetus
192 493 197 522 :
207 472 331 522 hortamur
339 474 396 531 fari,
407 490 454 539 quo
465 476 577 540 sanguine
587 487 677 535 cretus,

77 555 172 619 Quidve
180 552 241 603 'serat
251 565 376 612 memoret,
384 569 438 618 quaa
448 554 478 602 sit
487 551 573 603 fiducia
580 567 657 620 capto.

76 635 117 683 lllc
125 632 189 692 hoec,
200 633 305 698 depositi
314 633 410 681 tandem
420 633 557 691 formidine,
568 630 630 682 fatur
641 652 647 682 :

75 718 166 765 Cuncta
175 713 285 777 equideni
295 712 351 769 tibi,
363 716 424 769 Rex,
434 712 522 760 suerint
531 729 691 778 quaecunque,
703 712 794 764 fatebor

74 797 149 852 Vera,
160 793 239 858 inquit
250 810 255 838 :
267 808 344 857 neque
353 808 391 839 me
400 792 507 858 Argolica
517 792 546 840 de
556 806 624 857 gente
635 792 738 858 negabo3

73 877 126 939 lloc
136 874 242 937 primum
253 890 259 918 τ
270 888 325 930 nec,
336 871 356 919 si
365 871 477 920 miserum
487 870 581 920 fortuna
592 872 704 920 Sinonem

74 952 167 1009 Finxit,
178 967 267 999 vanum
278 951 348 998 etiam
358 951 540 1016 mendacemque
551 951 658 1017 improba
669 948 748 1018 linget.

22 1060 27 1075 .
75 1031 158 1080 Fando
168 1029 278 1094 aliquod,
289 1030 308 1077 si
319 1029 378 1078 forte
387 1042 439 1078 tuas
449 1031 557 1095 pervenit
567 1030 597 1078 ad
606 1047 676 1079 aurea

75 1110 160 1159 Belidae
170 1124 258 1158 nomen
267 1108 411 1168 Palamedis,
421 1122 444 1157 et
454 1110 541 1176 inclyta
553 1106 615 1158 sama

75 1189 171 1251 Gloria3
182 1205 255 1254 quern
263 1188 321 1237 salsi
331 1189 376 1236 sub
385 1188 517 1252 proditione
527 1186 617 1253 Pettsgi

75 1274 209 1327 lneoutem,
220 1264 317 1315 infando
327 1268 426 1326 indicio,
436 1268 491 1332 quia
504 1267 565 1315 bella
576 1266 683 1332 vetabat,
742 1280 745 1285 ·

76 1348 195 1398 Demieere
205 1347 270 1407 neci;
281 1364 344 1395 nunc
354 1364 445 1396 cassum
453 1348 544 1396 lumine
553 1347 636 1412 lugent
647 1365 653 1394 :

75 1427 111 1476 llli
121 1444 160 1477 me
170 1426 294 1487 comitem,
302 1438 325 1475 et
333 1427 533 1492 consanguinitate
543 1427 718 1492 propinquum,

75 1511 167 1573 Pauper
177 1506 203 1554 in
213 1523 277 1555 arma
286 1519 352 1571 pater
361 1507 443 1572 primis
453 1504 500 1555 lnlc
508 1506 572 1554 misit
583 1506 613 1554 ab
623 1493 697 1555 annis.

77 1588 139 1636 Dum
148 1586 226 1636 stabat
233 1602 305 1652 regno
316 1586 452 1643 incolumis,
462 1601 608 1651 regnumque
619 1576 713 1650 vigebat

75 1665 195 1724 Consiliis,
205 1676 229 1714 et
238 1682 281 1713 nos
291 1664 387 1730 aliquod
397 1681 531 1729 nomenque
541 1657 659 1729 decusque

76 1746 204 1795 Gcaaimua.
214 1744 308 1794 Invidia
317 1747 443 1811 postquam
452 1743 547 1809 pellacis
557 1742 650 1810 Ulyssei

76 1824 164 1890 (Haud
174 1824 254 1892 ignota
263 1824 362 1889 loquor)
373 1824 463 1889 superis
472 1824 586 1871 concessit
598 1823 628 1870 ab
639 1823 699 1883 oris;

76 1904 182 1953 Afflictua
192 1904 265 1952 vitam
276 1903 301 1951 in
311 1903 412 1952 tenebris
422 1904 535 1968 luctuque
545 1900 680 1963 trahebam,

76 1987 105 2032 Et
114 1999 197 2033 casum
207 1984 305 2032 intumis
313 2000 407 2032 mecum
417 1983 555 2050 indignabar
565 1981 640 2030 amici.

77 2067 122 2113 Nec
132 2064 196 2112 tacui
206 2062 315 2124 demeus;
326 2075 349 2111 et
358 2078 409 2122 me,
419 2062 466 2111 sors
477 2063 553 2128 siqua
566 2061 670 2120 tulisset,

76 2144 98 2191 Si
106 2143 196 2208 patrios
205 2144 313 2207 unqutm
322 2145 461 2190 remelssem
469 2143 544 2190 victor
554 2140 583 2189 ad
594 2141 683 2206 Argos,

76 2222 174 2271 Promisi
184 2223 299 2283 ultorem3
310 2233 334 2270 et
343 2221 421 2270 verbis
431 2222 485 2270 odia
493 2236 574 2285 aspera
584 2216 657 2266 movi.

78 2301 136 2351 llinc
146 2298 207 2350 mihi
216 2301 292 2366 prima
300 2302 356 2348 mali
365 2301 431 2350 labes
441 2320 447 2349 :
457 2298 513 2348 hinc
523 2314 615 2364 temper
626 2300 722 2365 Ulyescs

76 2380 221 2430 Criminibus
231 2391 315 2429 terrere
327 2381 409 2429 novis:
420 2378 476 2428 liinc
486 2395 593 2444 spargere
603 2394 672 2426 vocet

78 2464 104 2509 ln
112 2461 214 2525 vulgum
222 2460 356 2526 ambiguas,
366 2472 389 2508 et
399 2476 502 2525 quarere
512 2458 619 2508 conscius
630 2472 701 2506 arma.

77 2542 122 2588 Nec
131 2540 249 2603 requierit
259 2541 335 2598 euim,
345 2539 420 2589 donec
428 2537 555 2588 Calchante
565 2537 694 2587 ministro...

77 2618 120 2666 Sed
131 2617 191 2683 quid
200 2634 243 2684 ego
252 2616 303 2667 ltaec
313 2630 392 2667 autem
401 2616 559 2684 nequicquam¹
568 2618 658 2683 ingrata
668 2612 783 2664 revolvo?

78 2697 173 2761 Quidve
183 2694 280 2746 moror?
290 2699 314 2747 Si
324 2714 406 2746 omnes
418 2716 465 2746 uno
475 2698 557 2746 ordine
565 2694 658 2744 habetis
668 2692 786 2751 Achivos,

77 2778 150 2842 ldque
161 2777 243 2825 audire
252 2788 287 2825 sat
297 2789 345 2838 ειη
355 2775 496 2841 jamdudum
506 2777 591 2825 sumite
600 2789 696 2839 poeuaa:

78 2861 126 2905 Hoc
137 2854 232 2905 Ithacus
242 2857 311 2915 velit,
321 2869 343 2906 et
353 2874 439 2922 magno
448 2868 582 2905 mercentur
593 2852 690 2903 Atrida.

114 2937 179 2984 Tum
189 2936 246 2984 vero
256 2936 365 2985 ardemus
375 2936 451 2985 scitari
460 2947 485 2985 et
494 2950 598 3000 quaerere
607 2948 700 2991 causat,

77 3034 102 3067 v.
124 3008 193 3069 tois
