1974 3772
341 245 467 294 AEnnts.
489 247 555 294 Ltn.
576 249 638 295 xtt.
812 247 863 299 385
927 288 940 304 .,

79 382 82 389 .
125 344 290 407 'turbatosque
298 343 382 402 duces,
391 344 470 392 subitt
479 361 520 409 spe
529 343 633 393 fervidus
643 345 708 394 ardet
717 364 723 393 :
735 403 743 411 ‚

125 423 202 471 Poscit
212 438 285 486 equos
296 434 365 486 atque
376 439 439 471 arma
449 423 535 484 simul,
545 425 653 489 saltuque
663 424 779 490 superbus

126 502 217 549 Emicat
226 502 251 549 in
261 518 367 561 currum,
377 514 401 550 et
409 503 519 551 manibus
529 503 625 552 molitur
635 500 745 552 hahenas'.

124 580 201 630 Multa
211 580 290 628 virum
297 581 398 629 volitans
408 581 450 629 dat
459 580 527 630 sortia
537 584 690 646 corporalem
701 603 706 630 :

125 659 255 711 Semineces
265 659 340 707 volvit
350 661 450 718 multos,
461 671 501 709 aut
512 663 603 727 agmina
613 679 685 710 curru
705 662 708 667 ’

124 737 237 797 Ptoterit,
247 749 288 786 aut
298 751 375 803 raptas
386 738 530 804 fugientibus
539 741 623 805 ingerit
632 738 717 789 hastae.

78 811 81 824 '
125 817 210 881 Qualis
220 817 283 882 apud
293 818 363 882 gelidi
374 821 429 866 cbm
439 817 538 867 flumina
547 821 652 869 concitus
663 820 736 875 Hebri

124 897 271 960 Sanguineas
279 901 372 945 Mavors
382 899 465 963 clypeo
473 896 590 964 increpat,
601 911 671 963 atque
679 898 783 949 furentes

124 975 187 1023 Bella
196 991 294 1023 movens
303 976 408 1025 immittit
418 986 490 1042 equos
501 996 507 1024 :
517 978 552 1025 illi
561 993 654 1041 aequore
664 990 745 1043 aperto

105 1052 187 1116 ‚Ante
197 1057 272 1103 Notos
282 1052 464 1121 Zephyrumque
475 1057 556 1104 volant
567 1075 573 1102 ε
584 1057 655 1122 gemit
667 1058 750 1105 ultime
759 1059 830 1122 pulsu

123 1128 214 1181 Thraca
224 1133 326 1199 pedum3
337 1133 471 1198 circumque
481 1145 536 1181 atras
547 1127 689 1182 Formidinis
699 1152 753 1193 ora,

124 1215 227 1277 lneque,
237 1212 389 1276 Insidiaeque,
398 1213 443 1261 Dei
450 1214 585 1270 comitatus,
597 1226 705 1278 aguntur.

121 1291 186 1339 Talis
197 1307 268 1355 equos
279 1291 353 1339 alacer
361 1291 437 1339 media
448 1293 508 1340 inter
517 1292 597 1357 prcelia
605 1297 701 1340 Turnus

122 1372 252 1419 Fumantes
261 1371 347 1418 sudore
354 1371 443 1436 quatit,
452 1372 583 1420 miserabile
592 1372 662 1420 caesis
698 1390 700 1395 ·

123 1449 237 1498 Hostibus
248 1451 361 1504 insultans
372 1469 379 1511 ;
390 1450 477 1515 spargit
488 1451 568 1516 rapida
578 1452 667 1517 ungula
676 1466 740 1499 rores

123 1528 408 1595 Sanguineos,mixttque
418 1546 487 1578 cruor
496 1530 597 1578 calcatur
607 1516 683 1578 erens.
803 1519 805 1522 Α

122 1611 223 1672 Jamque
229 1609 279 1656 neci
286 1607 471 1674 Sthenelumque
475 1609 549 1668 dedit,
555 1599 750 1674 Thamyrimque,
757 1602 905 1669 Pholumque
913 1621 919 1662 ;

122 1692 193 1735 Hunc
203 1685 351 1754 congressus,
361 1700 385 1736 et
393 1685 470 1745 hunc,
481 1689 550 1735 illum
558 1688 660 1744 eminus,
671 1687 762 1735 eminus
772 1685 842 1733 ambo

122 1765 275 1825 Imbrasidas,
286 1768 404 1815 Glaucum
414 1779 484 1831 atque
494 1767 586 1824 Laden,
596 1783 656 1830 quos
667 1766 785 1814 Imbrasus
794 1766 844 1830 ipse
873 1762 881 1818 ’,

122 1846 241 1894 Nutrierat
252 1846 336 1911 Lycid,
346 1845 489 1910 paribusque
499 1856 623 1893 ornaverat
633 1846 715 1903 armis,

122 1925 168 1977 Vel
175 1923 280 1972 conferre
290 1941 397 1983 menum,
408 1925 446 1973 vel
456 1941 516 1989 equo
526 1936 665 1989 prevertere
675 1934 764 1972 ventos.

161 2007 230 2052 Parte
240 2004 298 2063 atis,
308 2004 385 2053 medit
395 2004 511 2053 Eumedes
521 2005 546 2052 in
556 2004 636 2070 pratia
646 2002 733 2059 sextust,

123 2083 223 2148 Antiqui
232 2084 310 2148 proles
320 2083 382 2131 bello
392 2083 502 2150 praeclara
512 2083 610 2131 Dolonis
620 2103 627 2146 3

123 2163 223 2212 Nomine
233 2178 305 2210 evum
314 2162 429 2221 reserens,
439 2163 518 2211 animo
527 2163 684 2226 manibusque
693 2173 828 2226 parentem,

124 2242 173 2306 Qui
184 2242 317 2307 quondam,
327 2254 400 2289 castra
410 2253 438 2289 ut
448 2243 558 2288 Dannltm
567 2234 698 2304 speculator
708 2240 794 2294 adiret,

122 2321 203 2369 Ausus
213 2321 298 2369 Pelidae
308 2320 410 2385 pretium
421 2319 466 2368 sibi
475 2335 569 2384 poscere
580 2335 669 2368 caurus.

123 2400 196 2448 Illum'
204 2399 308 2467 Tydides
318 2399 364 2447 alio
373 2415 417 2464 pro
428 2398 515 2448 talibus
524 2398 587 2446 ansis

123 2478 208 2527 Affecit
216 2480 307 2544 pretio;
318 2496 360 2527 nee
370 2478 436 2542 equis
447 2478 549 2543 adspirat
558 2475 662 2526 Achillis.

163 2563 234 2606 Hune
243 2559 326 2623 procul
336 2570 364 2607 ut
372 2575 456 2623 campo
464 2562 560 2605 Turnus
569 2555 689 2621 prospexit
699 2565 791 2620 operto.

124 2637 187 2686 Ante
196 2637 243 2685 levi
253 2636 329 2701 jaculo
339 2638 438 2703 longum
446 2653 489 2703 per
499 2638 568 2685 inane
578 2647 684 2693 secutus,

124 2717 189 2765 Sistit
200 2731 273 2780 equos
283 2715 387 2782 bijuges,
398 2729 420 2765 et
429 2733 500 2765 curru
508 2715 597 2773 desilit,
608 2727 678 2779 atque

124 2796 261 2844 Semiunimi
271 2797 384 2861 lapsoque
392 2797 540 2861 supervenit,
551 2807 575 2842 et
583 2794 643 2860 pede
653 2792 713 2841 collo

125 2880 254 2940 Impresso,
265 2876 351 2925 dextrae
360 2892 497 2926 mueronem
507 2885 641 2940 extorquet,
652 2885 676 2922 et
686 2872 732 2919 alto

125 2973 150 3009 v.
168 2953 231 3024 357.
374 2978 379 2987 ·
703 2954 736 3001 33
