1974 3772
347 170 359 205 l

333 301 537 350 canacrca.
558 304 619 350 ain.
641 307 659 348 ι,
829 307 862 372 39

126 401 176 452 Sub
186 399 253 450 terris
262 396 389 463 posuitque
399 398 493 455 domos,
504 410 573 473 atque
584 396 667 451 horrea
675 397 743 462 iecit,
824 460 827 465 .

124 481 175 530 Aut
184 479 260 527 oculis
268 479 331 542 capti
341 477 419 526 fodere
428 477 515 526 cubilia
525 478 608 548 talpae3

124 562 286 621 Inventusquc
295 557 358 606 cavis
366 556 438 617 bulo,
449 569 472 604 et
480 572 534 620 quae
543 557 646 620 plurima
655 569 722 608 terrae

36 634 40 639 ’
84 681 89 688 .
123 642 229 687 Monstra
239 635 488 700 fersmt3populaoque
498 636 617 699 ingentem
626 637 693 685 farris
703 653 813 688 acerrima
883 668 888 680 .

13 748 16 753 <
121 715 248 775 Curculio,
259 727 329 779 atque
339 715 406 779 inbpi
414 725 522 763 metuens
532 713 628 764 sorntica
638 729 744 766 senecam

99 824 103 830 ·
162 795 341 858 Contemplator
349 794 409 842 itern'
415 796 471 841 cim
480 809 506 841 se
516 809 565 842 nux
574 794 677 858 plurima
686 796 751 844 silvis

124 874 209 923 lnduet
219 873 245 921 in
254 873 349 931 florem,
358 883 381 921 et
390 888 466 921 ramos
475 872 585 921 curvabit
594 873 683 923 olentes
694 892 700 922 ι

122 954 147 1002 Si
157 957 273 1018 superans
279 950 352 1007 setus,
362 952 449 1014 pariter
458 949 575 1000 frumenta
584 963 726 1016 sequentur,

121 1035 255 1095 Magnaque
264 1046 320 1078 cum
328 1045 415 1095 magno
424 1031 502 1079 veniet
512 1031 595 1079 uisura
605 1032 681 1080 calore
692 1049 698 1078 :

120 1110 166 1168 ait,
176 1110 195 1158 si
205 1109 299 1157 luxurii
308 1107 420 1157 soliorum
428 1109 540 1157 exuberat
550 1109 646 1168 umbra,

121 1188 284 1252 Nequicqnam
292 1188 392 1251 pingues
400 1188 467 1252 palei
477 1199 535 1235 teret
544 1203 597 1235 area
607 1189 705 1237 sulinos.¹

160 1267 254 1316 Semina
264 1265 313 1314 vidi
323 1266 433 1330 equidem
442 1265 530 1313 multos
539 1266 654 1315 medicare
664 1277 788 1327 serentes,·

119 1350 152 1395 Et
160 1346 222 1394 nitro
230 1345 309 1410 priris,
319 1356 343 1392 et
352 1345 418 1409 nigri
426 1342 567 1408 perfimdere
581 1348 675 1394 amanei
681 1378 692 1405 ,-

120 1425 241 1473 Grandior
249 1436 277 1472 ut
286 1421 348 1472 setus
357 1423 448 1487 siliquis
457 1422 579 1473 fallacibus
587 1437 659 1482 esset3

119 1506 163 1560 Et,
171 1502 280 1565 quamvis
290 1502 338 1566 igni
348 1501 432 1566 exiguo
444 1514 567 1566 properata
577 1503 711 1562 maderent,

118 1580 177 1631 vidi
186 1582 244 1630 lecta
254 1580 309 1638 din,
319 1592 343 1630 ct
352 1581 428 1629 mrito
438 1591 540 1643 spectata
548 1580 642 1640 labore,

119 1664 265 1724 Degenerare
274 1670 365 1717 umen,
375 1659 401 1706 ni
410 1658 447 1705 vis
456 1656 561 1708 humana
573 1659 701 1722 quotannis

119 1739 221 1786 Maxima
231 1753 331 1801 quasque
339 1753 414 1785 manu
423 1737 509 1800 legeret
519 1755 525 1784 ε
536 1737 569 1785 sic
579 1733 722 1787 omniasatia

118 1821 146 1864 ln
156 1814 226 1880 peius
235 1832 315 1874 ruere,
326 1833 352 1864 ac
360 1815 425 1864 retrb
434 1814 545 1878 sublapsa
553 1813 642 1872 referri.

119 1899 172 1942 Non
182 1895 249 1941 aliter
256 1896 328 1958 quim
337 1895 380 1958 qui
390 1894 487 1942 adverso
497 1894 537 1941 vix
547 1891 645 1942 flumine
655 1893 761 1949 lembum

119 1973 230 2038 Remigiis
238 1972 339 2037 subigit,
349 1973 369 2020 si
378 1971 473 2020 brachia
484 1971 543 2020 sorti
553 1973 653 2030 remisit,

117 2052 276 2116 Atqueillum
285 2051 311 2099 in
320 2066 423 2116 preceps
431 2060 508 2116 prono
517 2051 579 2115 rapit
588 2053 668 2101 alveus
678 2053 749 2101 amni.
813 2078 814 2083 =

155 2131 270 2199 Ptaeterei
280 2132 328 2180 mm
337 2141 394 2179 sunt
403 2129 497 2180 bruun
507 2130 581 2178 sidera
589 2130 671 2187 nobis,

117 2208 294 2274 liodorumqne
302 2209 352 2264 dies
361 2210 482 2268 emeandi,
492 2221 515 2258 et
527 2209 620 2258 lucidus
630 2208 734 2273 Anguis,

117 2291 199 2352 Quim
207 2289 296 2352 quibus
304 2289 329 2336 in
338 2288 439 2353 patriam
447 2300 544 2338 ventosa
552 2303 595 2352 per
604 2303 698 2351 equora
708 2288 785 2336 vectis

117 2371 220 2425 Pontus,
231 2379 254 2415 et
263 2366 362 2416 ostriferi
372 2369 450 2417 lauces
459 2380 577 2417 tentantur
593 2365 678 2432 Abydi.

156 2445 275 2499 Libradie
285 2447 408 2510 somnique
418 2463 485 2511 pares
495 2447 537 2494 ubi
547 2446 627 2496 lecerit
637 2443 718 2502 horas,

118 2529 147 2573 Et
157 2524 263 2572 medium
272 2525 319 2579 luci
329 2538 399 2589 atque
408 2526 498 2573 umbris
508 2524 556 2588 jam
563 2525 652 2573 dividet
662 2524 756 2581 orbem

117 2607 240 2661 Exercete,
250 2603 308 2662 viri,
318 2615 409 2662 tamus,
423 2604 490 2652 serite
499 2601 587 2651 horden
597 2604 697 2667 campis,

117 2684 197 2746 Usque
202 2682 254 2729 'sub
262 2694 392 2736 extremum
401 2683 493 2732 brumae
501 2681 653 2731 intractabilis
663 2679 769 2727 imbrem.

118 2764 163 2808 Nec
173 2777 221 2808 non
231 2772 256 2808 et
263 2761 307 2809 lini
317 2773 429 2827 segetem,
440 2773 463 2810 et
472 2762 565 2810 Cereale
576 2774 679 2826 papaver

113 2839 219 2904 Tempus
229 2837 304 2888 humo
313 2852 402 2905 tegere,
410 2852 434 2889 et
443 2838 588 2903 jamdudum,
589 2837 728 2901 incumbere
739 2838 834 2892 matris,

116 2920 179 2966 Dum
188 2917 248 2967 sicci
256 2918 340 2968 tellure
348 2919 415 2978 licet,
425 2919 483 2969 dim
493 2919 574 2968 nubila
584 2916 695 2983 pendent

116 3017 140 3050 v.
160 2999 222 3061 ²¹4·
