1974 3772
338 242 464 297 AEarrs.
487 243 553 290 arn.
576 226 649 304 xrrg
806 242 858 306 397

123 346 265 404 Cornuaque
276 339 356 388 obnixi
366 337 480 404 inligant,
490 351 514 387 et
527 340 638 404 sanguine
648 339 715 404 larga=

122 421 189 470 Colla
200 435 323 483 armosque
328 407 426 477 lavant}
437 419 526 482 gemitu
535 435 619 480 nemus
627 434 696 467 omne
706 417 807 484 remugit
818 436 823 464 :

122 499 194 548 Haud
205 497 271 546 aliter
280 502 339 545 Tros
349 502 432 546 AEneas
442 508 465 545 et
475 497 581 545 Daunius
591 495 661 546 heros

122 581 274 628 Concurrunt
283 577 371 643 clypeis
382 595 387 623 z
399 577 480 642 ingens
490 573 567 640 fragor
577 575 662 624 aethera
676 577 783 640 complet.

162 658 273 721 luppiter
283 657 332 719 ipse
342 656 400 703 duas
410 666 502 718 arquato
513 657 618 702 examine
626 656 705 704 lances

121 735 241 794 Sustinet,
252 745 275 782 et
285 732 331 781 sata
342 734 443 798 imponit
450 734 541 782 diversa
552 734 667 793 duorum;

124 818 204 878 Quem
214 814 310 861 damnet
318 813 398 870 labor,
408 825 430 860 et
440 829 488 876 quo
499 826 579 877 vergat
587 813 691 877 pondere
701 813 784 862 letum.

121 893 215 942 Emicat
224 890 277 951 hic,
287 893 385 956 impune
395 903 494 956 putans,
503 904 525 940 et
535 880 632 956 corpore
642 905 692 942 toto

123 972 310 1020 Alte'sublatum
317 972 437 1037 consurgit
445 976 540 1020 Turnus
550 973 574 1019 in
585 988 678 1031 ensem,

122 1055 156 1098 Et
165 1049 225 1099 serit.
236 1051 374 1099 Exclamant
382 1053 454 1099 Trois
464 1051 595 1115 trepidique
608 1053 699 1109 Latini,

122 1129 273 1194 Arrectaeque
283 1131 408 1178 amborum
418 1130 483 1177 acics.
496 1129 528 1177 At
537 1126 640 1194 perfidus
651 1130 712 1178 ensis
774 1165 776 1169 .

123 1208 262 1273 Frangitur,
273 1209 298 1256 in
308 1209 432 1272 medioque
442 1209 562 1256 ardentem
573 1208 657 1258 deserit
666 1208 728 1265 ictu,

123 1288 154 1337 Ni
164 1288 219 1355 luga
229 1287 333 1336 subsidio
344 1288 427 1336 subeat
440 1306 445 1335 :
456 1286 517 1351 fugit
526 1289 590 1336 ocior
601 1291 678 1341 Euro,

122 1370 158 1417 Ut
167 1366 280 1431 capulum
289 1368 397 1432 ignotum
406 1367 558 1431 dextramque
568 1367 656 1431 aspexit
666 1367 786 1416 inermem.

122 1449 197 1496 Fama
207 1459 242 1494 est
249 1447 458 1510 proeeipitemclrm
466 1446 542 1511 prima
553 1448 577 1493 in
587 1447 666 1510 praelia
677 1443 770 1508 junctos

122 1525 302 1576 conscendebat
311 1541 397 1589 equos,
406 1526 482 1590 patrio
493 1541 605 1573 mucrone
615 1524 707 1579 relicto,

123 1606 188 1652 Dum
198 1604 312 1668 trepidat,
322 1603 411 1652 lerrum
421 1605 506 1668 aurigae
516 1604 619 1668 rapuisse
630 1604 720 1652 Metisci
727 1621 737 1662 ς.

124 1684 199 1750 idque
209 1683 262 1742 dia,
272 1683 330 1731 dlrm
339 1697 402 1749 terga
412 1684 500 1732 dabant
509 1683 612 1747 palantia
620 1682 719 1740 Teucri,

122 1762 232 1822 Suffecit3
244 1764 369 1828 postquam
379 1779 443 1810 arma
456 1763 499 1809 Dei
509 1761 539 1809 ad
548 1762 663 1812 Vulcania
676 1770 775 1809 ventum¹
784 1772 831 1820 est,

122 1843 229 1890 Mortalis
239 1858 332 1899 mucro,
344 1842 426 1906 glacies
436 1858 479 1888 ceu
489 1839 575 1899 futilis,
586 1841 634 1888 ictu
701 1869 703 1872 >

123 1920 231 1968 Dissiluit
242 1938 248 1966 ε
258 1919 324 1967 fulva
335 1920 483 1985 resplendent
493 1918 606 1984 fragmina
619 1922 695 1968 arena.

124 2006 185 2065 Ergo
196 2016 275 2046 amens
286 1999 376 2047 diversa
385 2000 441 2064 sugal
450 2001 509 2063 petit
519 2016 612 2064 aequora
622 2004 730 2059 Turnus3

124 2084 154 2127 Et
165 2095 228 2126 nunc
238 2077 298 2136 hirc,
308 2079 363 2127 inde
372 2076 432 2136 huc,
444 2080 543 2128 incertos
554 2079 657 2144 implicat
666 2078 735 2127 orbes
746 2095 752 2125 :

122 2157 236 2221 Undique
247 2158 309 2206 enim
319 2158 391 2206 densa
400 2159 483 2206 Teucri
492 2160 607 2206 inclusere
617 2160 716 2216 corana,

123 2238 203 2302 Atque
213 2235 268 2285 hinc
279 2249 343 2285 vasta
353 2238 434 2300 palus,
444 2234 500 2284 hinc
510 2237 582 2284 ardua
593 2237 680 2283 moenia
689 2237 793 2300 cingunt.

164 2318 211 2364 Nec
220 2317 299 2364 minus
309 2320 392 2363 AEneas
400 2351 406 2372 ‚
414 2332 551 2380 quanquam
561 2315 651 2362 tardata
661 2315 745 2378 sagitta

124 2395 245 2443 lnterdirm
255 2412 330 2461 genua
341 2395 485 2459 impediunt,
496 2411 638 2459 cursumque
648 2404 768 2451 accusant,

123 2474 270 2538 Insequitur,
281 2475 412 2539 trepidique
423 2475 507 2539 pedem
515 2474 574 2539 pede
584 2474 688 2522 fervidus
700 2484 767 2538 urget
778 2489 783 2518 ε

124 2553 245 2602 Inclusum
256 2555 329 2602 veluti
339 2555 358 2602 si
368 2554 463 2619 quanda
474 2554 572 2602 flumine
582 2565 664 2602 nactus

123 2637 237 2690 Cervam,
248 2646 289 2680 aut
299 2634 403 2697 puniceae
414 2646 508 2699 septum
517 2633 641 2682 formidine
651 2644 745 2697 pennae,

122 2715 229 2762 Venator
239 2729 308 2760 cursu
318 2713 380 2760 canis
391 2725 413 2761 ct
422 2713 545 2762 latratibus
556 2714 640 2770 instat;

124 2791 166 2840 Ille
177 2791 367 2848 autemtinsidiis
377 2805 400 2842 et
410 2793 461 2856 ripa
475 2793 568 2840 territus
579 2792 637 2851 alta,

124 2869 189 2918 Mille
199 2867 259 2935 fugit
268 2869 400 2937 refugitque
411 2872 473 2933 vias3
485 2884 508 2920 at
518 2871 612 2919 vividus
621 2869 711 2918 Umbcr

125 2967 151 3001 v.
165 2947 228 3020 753.
339 2973 342 2978 ’
682 2950 713 3012 34
