1974 3772
365 240 490 292 suess.
519 244 587 295 nis.
607 247 636 296 v.
814 263 863 318 ¹99

125 347 245 408 Itemque,
255 341 336 389 fluens
346 341 431 400 aninni,
440 342 499 389 dium
506 356 601 405 prorem
612 344 641 391 cd
650 359 704 392 sexu
715 345 829 408 utburget

125 423 237 480 Inierior,
246 420 369 486 spatioque
378 420 443 468 subit
452 408 570 486 Sergestus
580 422 674 486 iniquo,

78 555 82 560 .
125 501 209 550 Infelix
219 501 279 549 sexis
287 501 312 547 in
319 500 512 565 prccunentilnu
522 499 595 549 baesit

123 584 249 629 Concussae
260 582 351 637 cautes,
361 591 385 628 et
395 591 463 627 scuto
473 580 498 626 in
507 581 596 628 musice
606 578 666 628 remi

123 659 213 708 Obnixi
223 661 346 723 crepuete,
356 657 462 722 illisequc
470 674 539 722 prom
547 659 666 724 pependit

122 741 277 802 Consurgunt
287 748 377 795 neum,
388 749 412 786 et
420 753 505 802 magno
516 739 616 786 clamore
625 747 761 800 morentur}

124 820 278 880 Ferratnsque
288 816 368 864 trudes
377 828 401 865 et
410 819 478 864 scuti
487 817 583 880 cuspide
590 829 672 866 contos

125 895 272 960 Expediunt‚
284 893 414 964 fructusque
423 896 505 961 legunt
514 897 539 942 in
549 896 640 962 gurgite
649 913 732 946 remos.
830 958 834 967 .

163 975 196 1022 At
206 975 273 1022 letus
283 972 432 1032 Mnestheus,
443 991 597 1039 successuque
606 975 680 1024 acrior
691 977 756 1041 ipso,

123 1052 225 1119 Agmine
235 1067 355 1100 remorum
364 1054 445 1110 celeri,
455 1055 578 1117 ventisque
589 1055 692 1115 vocetis,

100 1146 113 1154 “
123 1135 201 1180 Prone
209 1132 269 1196 petit
278 1133 364 1191 mazia,
375 1144 398 1180 et
407 1132 490 1196 pelago
499 1132 602 1180 decmrit
612 1144 699 1197 aperto.
767 1126 769 1130 ’

125 1211 209 1275 Qualis
218 1210 330 1276 speluncl
339 1211 419 1258 subito
428 1222 545 1258 commota
555 1211 679 1270 columbe,

122 1291 169 1338 Cui
179 1289 264 1339 domus
275 1301 298 1338 et
306 1289 387 1338 dulces
396 1290 512 1340 latebroso
523 1291 547 1338 in
557 1291 652 1354 pumice
662 1288 727 1350 nidi,

124 1358 209 1416 Fertsn
218 1369 244 1415 in
254 1369 414 1426 mavolunt,
424 1369 582 1434 plausumque
592 1369 700 1418 exterrita
709 1370 795 1436 pennis

124 1451 170 1495 Det
180 1458 241 1502 tecto
251 1447 382 1512 ingentem3
392 1464 448 1496 mox
458 1451 509 1496 edre
518 1449 584 1512 lapsa
593 1449 686 1513 quieto,

123 1526 194 1576 Redit
204 1526 247 1575 iter
257 1525 388 1592 liquidum,
398 1527 483 1575 celeres
493 1543 570 1590 neque
579 1539 713 1575 commovet
723 1528 785 1575 alus:

123 1607 160 1653 Sic
170 1602 319 1662 Mnestheus,
329 1607 362 1653 sic
371 1605 421 1669 ipse
431 1606 487 1669 lugd
496 1616 558 1654 secat
567 1605 650 1654 ultima
660 1605 740 1663 Pristis
812 1593 816 1605 ⁸

122 1687 241 1748 AEquore3
252 1684 284 1732 sic
294 1684 359 1732 illem
369 1684 413 1732 lert
422 1684 524 1750 impetus
535 1686 584 1748 ipse
593 1683 719 1732 volentem.

124 1767 154 1811 Et
163 1764 269 1828 primum
279 1763 303 1810 in
313 1764 410 1827 scopulo
420 1763 549 1812 luctantem
558 1763 642 1811 deserit
652 1763 702 1812 also

122 1843 268 1906 Sergestum,
278 1842 437 1906 brevibusque
447 1842 526 1899 vedis,
539 1841 671 1905 frustrlque
682 1853 805 1890 vocantem

122 1920 230 1977 Auxilia,
241 1932 265 1968 et
274 1917 352 1968 ltuctis
361 1921 489 1970 discentem
497 1937 589 1969 enitere
599 1921 675 1969 remis.

123 1998 181 2048 lude
191 2002 275 2064 Gyen,
286 1999 408 2064 ipstunque
416 2001 504 2064 ingenti
513 2001 576 2048 mole
585 1997 727 2049 chimaessn

121 2078 281 2142 Consequitur
291 2096 297 2125 ι
308 2078 381 2136 cedit,
390 2080 504 2143 quonium
513 2080 612 2143 spoliate
622 2080 733 2144 magistro
740 2089 783 2127 est.

123 2157 191 2205 Solus
201 2154 296 2220 jamque
304 2156 355 2221 ipso
366 2170 471 2222 superest
481 2159 506 2206 in
517 2155 563 2205 fine
573 2155 718 2221 Cloanthus,

124 2239 204 2298 Quem
212 2235 285 2299 petit,
294 2247 319 2284 et
327 2238 425 2285 summis
435 2237 534 2285 adnixus
544 2237 635 2284 tisibus
644 2246 719 2302 urget.

121 2315 185 2363 'sitm
195 2315 252 2364 verd
259 2315 387 2380 ingeminet
394 2316 494 2373 elamor,
503 2316 629 2379 cunctique
637 2326 775 2379 sequentem

121 2393 237 2459 Instigunt
244 2394 340 2452 studiis,
350 2406 489 2458 resonetque
499 2392 630 2460 fragosihus
640 2392 718 2443 esther.

162 2472 193 2520 ni
201 2474 326 2537 proprium
334 2473 405 2522 decus
414 2485 438 2522 et
446 2486 542 2538 plutum
551 2474 703 2539 indignentur
713 2471 827 2521 honoiem

122 2552 152 2599 lli
161 2563 269 2608 teneant,
280 2552 399 2616 vitemque
407 2553 492 2601 volunt
500 2569 544 2618 pro
552 2553 622 2602 laude
631 2553 724 2618 pacisci.

121 2633 171 2678 Hos
181 2645 300 2678 successus
311 2631 352 2679 nlit
362 2649 367 2677 ι
378 2645 490 2696 possunt,
501 2633 556 2696 quia
565 2647 634 2696 posse
644 2631 763 2680 videntur.

121 2712 152 2756 Et
162 2707 211 2757 sors
220 2709 318 2773 aequetis
328 2710 442 2776 cepissent
450 2712 547 2775 prumia
557 2711 647 2770 noctiis,

121 2787 151 2836 lli
160 2786 252 2852 palmes
260 2801 335 2853 ponto
345 2789 443 2838 tendens
453 2801 564 2853 utrosque
573 2786 704 2840 Cloanthus

120 2866 277 2932 Fudissetque
286 2882 367 2934 preces
372 2903 379 2931 ,
390 2869 510 2936 Divosque
520 2869 545 2919 in
555 2881 609 2920 tots
619 2871 739 2918 vocum:

121 2962 147 2997 v.
166 2947 230 3012 234.
