1974 3772
286 216 287 224 ’
305 217 610 271 intumulatur.
699 245 701 255 ι
777 219 830 273 283

89 318 224 368 Ianiculum
233 313 301 375 huic,
311 317 345 365 illi
355 316 432 366 fuerat
441 317 650 367 Saturionem

128 398 225 446 Talibus
235 398 295 444 inter
305 413 329 444 se
338 396 405 444 dictis
416 397 445 445 ad
455 409 514 446 tecta
524 397 636 447 subibant

89 478 201 541 Pauperis
210 475 326 533 Evandri,
336 476 470 541 passimque
485 489 589 526 armenta
598 475 711 526 videbun

90 560 244 619 Romanoque
255 555 305 603 soro
315 567 339 603 et
346 555 415 603 lautis
425 558 516 620 mugire
525 557 622 605 Carinis

90 639 123 684 Ut
132 647 232 683 ventum
241 635 270 682 ad
281 635 346 683 sedes
357 653 362 681 :
374 639 441 693 Haec,
452 635 542 699 iuquit,
551 636 633 685 lintion
642 634 719 684 victor

89 715 182 763 Alcides
193 713 282 762 subiit:
293 711 343 762 haec
353 715 422 762 illum
431 714 569 780 regiaccpit.
590 756 591 761 ,

90 794 171 851 Ande,
181 791 279 857 hospes,
288 807 437 842 contemnere
447 808 516 858 opes,
525 806 548 842 et
557 806 581 842 tc
590 808 686 858 quoque
694 793 795 860 dignam

90 874 163 937 Finge
175 876 235 923 Deo,
246 873 363 936 rebusque
373 874 428 921 veni
438 890 487 921 nnn
497 889 564 938 asper
573 890 658 938 egem.

90 952 167 1009 Dixit,
175 963 198 999 et
208 952 300 1016 angusti
310 951 392 1000 subter
402 948 494 1018 faetipis
504 954 558 1001 tecti

90 1037 211 1095 Ingentem
221 1035 311 1079 AEnean
320 1031 401 1089 duxit,
411 1032 534 1095 stratisque
545 1034 638 1080 locavit

89 1110 205 1158 Effirltum
217 1109 277 1158 soliis
288 1122 311 1157 et
320 1111 380 1174 palle
392 1111 520 1175 libystidis
528 1126 595 1158 m'sae.

128 1192 180 1237 Nox
189 1190 250 1246 ruit,
261 1201 284 1236 et
293 1187 364 1237 fuscis
374 1189 482 1237 tellurem
490 1189 639 1254 amplectitur
649 1186 698 1235 alin.
774 1212 776 1216 ·

89 1268 122 1317 At
131 1273 214 1318 Venus
224 1267 289 1316 haud
298 1269 379 1316 animo
387 1269 547 1333 nequicquam
557 1268 664 1316 exterrita
672 1278 758 1325 mata,
829 1257 839 1263 “

91 1349 282 1411 Laurentumque
291 1347 362 1396 minis
372 1359 395 1396 ct
404 1348 465 1396 duro
473 1360 536 1396 mota
546 1347 667 1405 tumultu,

89 1427 226 1478 Vulcanum
236 1426 374 1491 alloquitur,
383 1426 534 1492 thalamoque
544 1425 594 1475 haee
603 1424 710 1492 coniugis
719 1441 790 1474 aureo

90 1506 188 1571 Incipit,
199 1518 222 1553 et
232 1506 298 1554 dictis
308 1506 417 1554 divinum
427 1507 530 1571 adspirat
539 1522 644 1556 amorem
654 1524 659 1553 :

90 1585 227 1633 Dum-bello
238 1585 340 1650 Argolici
349 1584 473 1634 vastabant
482 1589 592 1652 Pergama
603 1601 668 1650 reges

91 1664 188 1722 Debita,
199 1680 337 1727 casurasque
348 1665 446 1712 inimicis
457 1665 551 1730 ignibus
561 1681 634 1721 unes,

91 1746 144 1791 Non
154 1744 231 1791 ullum
242 1744 356 1792 auxilium
363 1743 466 1801 miseris,
477 1761 525 1792 non
536 1759 600 1792 amia
608 1742 689 1807 rogari

82 1821 155 1870 'Artis
165 1823 263 1886 opisque
273 1834 334 1882 ture3
344 1839 387 1871 neo
395 1835 430 1881 te,
441 1824 556 1871 entissime
565 1820 668 1886 conjux,

91 1903 241 1951 Incassumve
250 1913 303 1950 tuos
311 1903 376 1951 volui
386 1919 490 1951 exercere
500 1903 606 1962 laborem

93 1980 208 2042 Quamvis
218 1993 241 2028 et
250 1981 335 2029 Priami
344 1982 456 2030 deberem
464 1981 566 2047 plurima
576 1981 650 2038 natis,

90 2063 123 2108 Et
132 2049 219 2108 durum
229 2065 308 2109 AEneae
318 2059 434 2111 [levissem
444 2064 505 2126 saepe
515 2063 627 2110 laborent

91 2143 160 2188 Nunc
170 2139 235 2189 Jovia
245 2140 348 2204 imperiis
361 2142 503 2190 Rutulorum
513 2142 616 2189 constitit
626 2140 690 2187 ories

92 2221 153 2284 Ergo
162 2218 244 2266 eadem
253 2221 352 2283 supplex
361 2221 444 2278 venio,
453 2232 478 2267 et
487 2231 595 2267 sanctum
603 2213 664 2268 mihi
674 2231 765 2268 ntum
785 2270 787 2274 ,

92 2297 165 2346 Arma
175 2314 244 2361 rogo,
254 2299 353 2362 genitrix
362 2309 425 2347 nato.
435 2303 469 2345 Te
479 2296 527 2345 filia
536 2299 617 2353 lierni,

92 2381 125 2425 Te
134 2377 213 2441 potuit
222 2377 331 2442 lacrymis
340 2375 451 2425 Tithonia
459 2376 551 2426 {betete
562 2375 655 2440 conjnx.

92 2455 177 2519 Aspice
187 2457 228 2520 qui
239 2459 322 2505 coiiant
331 2458 428 2521 populi,
436 2474 489 2522 quac
499 2458 586 2506 moenia
595 2455 679 2505 clausis

92 2537 193 2582 Ferrum
202 2549 287 2584 acuant
295 2537 368 2601 portis
378 2537 403 2584 in
413 2554 450 2584 mc
461 2537 623 2600 excidiumque
633 2547 747 2583 meorum.
787 2536 794 2551 '

133 2614 240 2674 Dixerat3
251 2627 274 2664 et
284 2617 357 2664 niveis
368 2613 423 2664 hinc
433 2629 503 2679 atquc
513 2615 568 2664 hinc
579 2612 737 2663 invitamus

92 2695 249 2743 Cunctantem
260 2695 369 2759 amplexu
378 2695 444 2744 molli
453 2695 533 2744 soret:
544 2696 582 2744 ille
592 2696 688 2758 repente

92 2772 190 2838 Accepit
200 2775 291 2822 solitam
303 2774 435 2835 numam,
445 2787 562 2840 notusque
572 2773 687 2823 medullas

92 2852 194 2902 Intravit
203 2854 279 2914 calor,
288 2867 312 2905 st
321 2855 435 2905 hbesacta
444 2873 546 2923 perosos
555 2853 659 2906 wennit
669 2870 676 2901 t

94 2935 205 2999 v-390.
