1974 3772
151 242 205 292 216
272 214 275 219 ¹
359 238 492 290 rnatu
511 244 684 315 vrncrtlr

150 343 236 390 Faetus
246 337 339 388 honos:
350 341 437 404 placidi
446 353 580 401 stravenmt
589 357 683 408 aequora
694 344 771 402 renti,
783 381 788 390 .

150 420 237 472 Creber
247 432 270 468 et
280 419 401 483 adspirans
411 422 492 469 rursus
501 434 570 470 vocat
580 421 664 471 Auster
674 423 701 472 in
709 424 791 472 altino.

149 499 261 548 Exoritur
270 505 386 564 procurva
397 500 478 565 ingens
488 517 530 565 per
540 502 619 549 littora
630 500 711 552 flettrs:

148 578 272 643 Compleri
282 578 343 628 inter
353 595 377 626 se
387 591 528 643 noctemque
537 580 648 645 diemque
657 593 788 631 morantur.

148 662 209 723 lpses
218 656 267 722 jam
276 670 376 714 mauu,
385 658 431 723 ipsi
441 658 529 722 quibus
540 675 620 725 aspera
629 661 752 724 quondam

149 738 205 792 Visa
215 736 285 785 maris
295 736 378 795 facies,
389 750 412 785 et
420 755 469 786 non
478 738 599 787 tolerabile
609 756 711 798 numen,

148 820 184 866 Ire
194 816 293 875 volunt,
303 832 447 882 omnemque
456 815 518 883 fuga
528 816 631 882 perferre
640 819 754 868 laborem.

148 897 216 960 Quos
225 895 305 944 bonus
314 900 399 944 AEneas
409 896 477 945 dictis
486 896 577 946 solante
585 897 676 956 amicis,

61 1000 63 1009 ·
147 978 179 1023 Et
186 976 361 1042 consanguineo
369 975 502 1041 lacrymans
512 977 661 1027 commendat
670 977 769 1027 Acestae.

147 1045 204 1102 Tres
215 1054 285 1120 Eryci
296 1055 396 1112 vitulos,
406 1067 429 1102 et
439 1055 617 1120 tempestatibus
627 1072 725 1122 agnam,

147 1134 242 1184 Cadere
251 1133 335 1182 deinde
343 1131 423 1197 jubet,
433 1135 542 1199 solvique
552 1152 580 1183 ex
590 1135 672 1184 ordine
680 1136 760 1185 funes.

100 1212 103 1222 “
148 1215 214 1276 lpse,
225 1225 296 1278 caput
305 1226 379 1262 tonsae
390 1213 451 1262 foliis
462 1214 568 1263 evinctus
578 1215 661 1273 oliva,

147 1293 216 1340 Stans
225 1293 309 1357 procul
319 1294 344 1340 in
354 1295 437 1358 prora,
446 1306 553 1358 pateram
562 1306 638 1352 tenet,
647 1305 748 1359 extaque
759 1298 832 1347 salsos

147 1371 245 1418 Porricit
254 1372 279 1419 in
290 1370 388 1430 fluctus,
399 1389 426 1420 ae
435 1372 491 1419 vina
500 1373 615 1436 liquentia
625 1367 713 1422 sunda}

147 1437 299 1519 Prosequitur
309 1467 406 1515 surgens
417 1454 430 1498 a
439 1451 517 1514 puppi
527 1463 613 1503 ventus
621 1463 712 1501 etmtes.

144 1529 259 1578 Certatim
269 1529 326 1579 socii
337 1528 424 1578 feriunt
433 1545 510 1586 mare,
519 1540 543 1578 et
552 1545 647 1593 equore
656 1537 763 1581 'verrunt

186 1608 219 1657 At
228 1611 310 1659 Venus
321 1608 408 1657 interea
419 1611 558 1674 Neptunum
567 1608 666 1657 exercita
676 1610 739 1658 orris

51 1745 54 1751 ι
146 1686 412 1753 ΑΙΙοᾳιιίῑιιηωεεφιο
422 1688 522 1736 effundit
531 1699 625 1753 pectore
631 1700 733 1753 ,questos
744 1704 752 1736 ε

146 1767 247 1818 Junonis
257 1768 335 1832 gravis
345 1770 379 1816 ira
389 1781 413 1817 et
423 1767 602 1816 inexsattuabile
610 1778 696 1831 pectam

146 1849 241 1911 Cogunt
249 1863 300 1906 me,
311 1851 433 1913 Neptune,
443 1863 523 1912 preces
534 1835 671 1902 descendere
682 1845 820 1896 inomaus:

148 1929 227 1990 Quam
238 1942 281 1974 nec
290 1924 360 1992 longa
371 1926 432 1985 dies,
443 1926 517 1990 pietas
525 1942 568 1974 nec
577 1925 670 1990 mitigat
678 1925 743 1986 ulla;
800 1975 806 1983 Ι

146 2008 194 2053 Nec
204 2006 270 2052 Jovis
280 2005 382 2070 imperio
392 2005 476 2053 fedare
486 2002 584 2052 infracta
593 2004 702 2067 quiescit.

146 2086 200 2132 Non
208 2083 286 2132 media
295 2084 324 2132 de
334 2095 402 2148 gente
412 2082 535 2149 Phrygum
544 2083 648 2131 exedisse
658 2082 767 2130 nefandis

147 2163 237 2223 Urbem
248 2162 308 2211 odiis
318 2165 373 2212 satis
383 2175 430 2223 est,
441 2180 484 2210 nec
493 2179 590 2228 poenam
600 2174 664 2211 traxe
673 2179 716 2226 per
726 2178 820 2210 omnem
839 2202 848 2220 ,

148 2242 286 2306 ltelliquias3
296 2241 373 2306 Trojae
383 2244 472 2292 cineres
481 2254 553 2306 atque
562 2258 614 2290 ossa
624 2252 753 2306 perempta

148 2321 281 2386 Insequitur
291 2341 297 2369 :
307 2339 388 2372 causas
396 2323 456 2370 tanti
465 2323 522 2370 sciat
531 2322 571 2369 illa
580 2321 674 2369 sartoris.

147 2406 198 2466 lpse
209 2397 272 2447 mihi·
279 2418 356 2466 nuper
365 2402 460 2467 Libyeis
471 2414 497 2453 tu
508 2401 572 2449 testis
582 2401 607 2448 in
617 2400 688 2449 undis

147 2484 227 2544 Quam
237 2481 325 2528 molem
335 2481 415 2528 subito
425 2481 532 2541 excierit3
542 2480 616 2528 maria
626 2480 708 2527 omnia
715 2480 776 2527 eoelo

146 2560 252 2617 Miscuit,
263 2559 345 2608 AEoliis
355 2560 513 2624 nequicquam
523 2558 582 2608 freta
591 2559 702 2626 procellis
713 2577 720 2606 ε

145 2643 174 2688 ln
184 2639 260 2704 regnis
270 2637 316 2687 boc
327 2657 383 2688 auso
393 2641 446 2687 tuis⁴
737 2667 740 2670 ‹

50 2762 52 2765 ,
145 2710 188 2767 Per
200 2719 275 2766 scelus
286 2735 337 2767 ecce
348 2721 419 2767 etiam
425 2755 431 2777 ,
441 2717 550 2781 Troianis
560 2719 677 2773 matribus
687 2712 767 2776 actis,

146 2798 240 2846 Exussit
254 2799 316 2846 soede
326 2813 432 2863 puppes,
443 2810 466 2845 ct
475 2799 548 2847 classe
558 2800 655 2864 subegit

146 2877 245 3008 Amissi5
249 2880 323 2928 socios
334 2879 419 2955 ignotae
428 2878 620 2944 linquere-term.

148 2975 173 3007 r.
190 2973 226 3027 79
249 2995 257 3007 ..
