1974 3772
319 189 445 238 naris.
467 191 532 239 rra.
555 150 586 237 κζ
766 191 816 252 aar

84 283 205 345 Defendit,
214 286 349 352 multosque
358 285 426 353 palus
436 291 574 346 Laurentia,
585 289 643 336 silvai

84 367 151 414 Pavit
161 366 289 415 arundinea
301 370 442 431 :postquem
451 368 512 416 inter
520 369 578 436 retia
588 380 686 415 ventum
696 379 742 426 est,

83 445 204 504 Substitit,
215 443 381 510 infremuitque
391 446 468 505 ferox,
478 459 502 494 et
510 445 627 494 inhorruit
638 463 714 495 anuos
724 463 731 503 ;

84 527 130 571 Nec
140 524 251 588 cuiquam
261 525 327 573 irasci
336 524 464 590 propiusve
473 525 579 574 accedere
588 526 664 574 virtus
671 560 680 582 „

82 602 128 651 Sed
138 601 219 665 jaculis
230 604 333 668 tutisque
342 603 426 668 procul
435 604 576 652 clamoribus
585 605 673 653 instant
683 622 691 652 r

13 741 16 746 A
84 682 125 729 Ille
136 694 214 730 autem
225 682 357 747 impavidus
366 695 444 747 partes
454 695 577 732 cunctatur
586 677 611 730 in
621 699 715 745 omnes,

84 761 199 815 Dentibus
209 759 357 819 infrendens,
367 774 390 810 et
397 773 462 827 tergo
471 761 559 810 decutit
569 759 653 812 hastas.

82 839 154 887 Haud
161 839 239 897 aliter,
249 839 316 904 justae
324 841 411 903 quibus
422 853 456 889 est
464 842 594 890 Mezentius
604 842 656 900 bae,

83 921 135 966 Non
145 919 188 966 ulli
198 931 233 966 est
243 919 334 968 animus
344 917 423 968 stricto
433 936 569 969 concurrere
581 920 657 981 ferro-3

81 997 209 1045 Missilibus
218 999 287 1061 longe
297 1011 320 1046 et
330 1011 395 1047 vasto
405 1000 505 1048 clamore
514 1001 637 1048 lacessunt.

120 1080 224 1128 Venerat
234 1078 335 1140 antiquis
345 1076 445 1142 Corythi
454 1079 483 1126 de
492 1076 580 1125 finibus
590 1078 683 1139 Aaron,

81 1155 168 1204 Graius
178 1153 250 1202 bomo
257 1191 264 1213 ,
271 1144 368 1202 infectos
378 1156 487 1220 linquens
497 1156 611 1221 profugus
621 1155 767 1221 hymenaeos*

81 1238 152 1286 Hune
161 1233 204 1280 ubi
214 1235 349 1293 miscentem
358 1235 428 1298 longe
437 1234 515 1282 media
523 1224 615 1298 agmina
625 1234 697 1292 vidit,

31 1370 33 1374 Ι
81 1316 231 1377 Purpureum
241 1314 324 1379 pennis
335 1325 357 1360 et
366 1325 440 1377 protea
449 1311 555 1379 conjugis
565 1324 628 1361 ostro
640 1331 646 1360 :

82 1397 199 1455 Impastus
209 1392 301 1441 stabula
310 1393 357 1439 alta
366 1393 403 1440 leo
412 1409 456 1440 ceu
466 1396 527 1457 saepe
536 1409 663 1458 peragrans

82 1471 183 1535 (Suadet
194 1472 256 1519 enim
266 1487 351 1518 vesana
360 1471 447 1535 fames)
459 1471 477 1518 si
488 1472 547 1519 forte
557 1469 664 1536 fugacem

81 1551 208 1614 Conspexit
218 1539 338 1614 capream,
348 1560 389 1596 aut
399 1563 532 1614 surgentem
541 1552 565 1597 in
576 1566 780 1604 emanaturum,

82 1630 176 1678 Gaudet
185 1627 254 1676 hians
263 1630 377 1686 immane,
387 1644 512 1694 comasque
522 1630 618 1686 arrexit,
629 1641 651 1676 et
662 1626 735 1678 haret

80 1708 216 1757 Visceribus
226 1723 296 1774 super
306 1707 444 1757 incumbens
455 1725 460 1754 :
470 1709 528 1756 lavit
538 1707 645 1774 improba
657 1719 714 1756 teter

10 1816 14 1819 -
82 1791 128 1836 Ora
139 1804 224 1836 emor:

81 1867 118 1915 Sin
128 1867 176 1914 ruit
186 1867 210 1913 in
220 1859 304 1917 denso'e
315 1869 388 1918 alacer
397 1869 527 1918 Mezentius
537 1869 622 1917 hostes.
667 1902 674 1911 ‚

81 1946 197 1994 Sternitur
207 1945 287 1994 infelix
297 1947 388 2009 Acron,
397 1961 421 1997 et
430 1949 532 1998 calcibus
542 1960 616 1997 atram

64 2077 68 2088 s
80 2025 170 2074 Tundit
180 2024 281 2074 humum
292 2029 422 2094 exspirans,
433 2026 576 2093 infractaque
586 2025 630 2076 tela
642 2037 755 2075 cruentat.

81 2103 160 2170 Atque
170 2105 232 2152 idem
243 2100 371 2171 fugientem
380 2107 445 2156 haud
455 2121 490 2156 est
500 2109 608 2174 dignatus
616 2107 711 2154 Oroden
793 2122 794 2125 ’

81 2185 197 2243 Sternere,
208 2201 250 2232 nec
259 2183 318 2246 jacta
328 2202 415 2233 ooecum
424 2188 479 2234 dare
489 2186 585 2250 crispide
595 2186 683 2232 vulnus
695 2202 700 2229 :

81 2263 173 2309 Obvius
184 2263 328 2325 adversoque
338 2264 450 2320 occurrit,
459 2279 529 2325 seque
540 2264 590 2310 viro
601 2263 637 2309 vir

79 2340 198 2398 Contulit,
209 2338 273 2388 haud
283 2338 347 2388 furto
356 2341 449 2400 melior,
461 2342 502 2390 sed
512 2341 612 2388 fortibus
620 2343 697 2388 armis.

80 2422 143 2466 Tbm
153 2435 224 2482 super
233 2417 351 2482 abjectum
360 2418 437 2484 posito
446 2419 506 2485 pede
515 2421 584 2468 nixus
594 2431 617 2467 et
627 2418 692 2466 hasta
705 2437 710 2465 :

81 2501 138 2547 Pers
146 2499 202 2545 belli
212 2496 277 2546 haud
287 2500 424 2558 temnenda,
434 2500 491 2556 viri,
501 2497 560 2563 jacet
568 2500 628 2546 altus
638 2497 735 2546 Orodes.
809 2524 811 2528 =

81 2578 234 2626 Conclamant
245 2579 313 2636 socii,
323 2579 406 2632 laetum.
413 2576 494 2642 paeana
503 2580 584 2626 secuti.
615 2576 617 2582 ⁸

81 2657 124 2703 llle
134 2669 212 2704 autem
220 2659 339 2721 exspirans
348 2675 353 2703 :
363 2661 415 2704 Non
425 2643 617 2721 me,quic11nque
627 2672 661 2713 es,
672 2656 760 2715 inulto,
782 2699 786 2705 ,

77 2737 175 2793 Victor,
186 2753 228 2785 nec
238 2738 335 2800 longum
344 2736 466 2784 laetabere:
478 2749 500 2784 te
511 2751 608 2799 quoque
616 2732 661 2782 fata

81 2818 232 2879 P1·0spectant
239 2817 316 2880 paria,
327 2827 397 2880 atque
407 2815 487 2864 eadem
496 2831 552 2864 mox
562 2831 616 2862 arva
624 2813 720 2862 tenebis.

84 2913 108 2945 v.
127 2897 190 2962 741.
299 2943 301 2947 ,
648 2910 661 2942 a
665 2909 691 2960 9.
