1974 3772
285 213 412 262 nuris
433 214 501 262 tra.
522 215 586 268 vu.
756 215 807 284 ²69

66 312 116 361 Aut
127 309 207 360 Hermi
216 327 312 376 campo,
323 325 365 362 aut
375 313 452 380 Lyeiae
461 311 605 362 ilat-entibus
614 313 682 364 arvis.

66 393 135 440 Scuta
146 403 242 450 sonant,
251 393 369 455 pulsuque
378 392 468 456 pedum
477 394 555 440 tremit
565 393 639 441 excita
649 394 725 442 tellus.

107 471 166 518 Hinc
177 471 390 534 Agamemnonius,
399 470 496 530 Troiani
505 471 607 520 nominis
617 470 704 530 hostis,

66 551 144 597 Curru
154 548 231 614 jungit
242 551 339 597 Halesus
349 566 435 613 equos,
445 554 573 615 Turnoque
584 549 671 613 feroces

66 628 130 676 Mille
140 630 202 692 rupit
210 629 313 692 populos
324 647 330 676 :
341 641 437 677 vertunt
447 628 521 678 felicia
531 628 621 678 Baccho

65 708 162 756 Massica
172 708 214 770 qui
224 707 317 766 rastris,
328 720 351 757 et
360 724 420 771 quos
430 708 459 756 de
469 708 568 756 collibus
578 709 630 757 altis

64 786 172 834 aurunci
182 787 265 834 misere
275 798 365 850 patres,
375 787 523 851 Sidicinaque
532 787 599 852 juxta

64 868 182 928 AEquora3
193 866 282 930 quique
290 867 356 914 Cales
365 866 492 930 linquuut;
501 868 623 930 manisque
633 867 714 916 vadosi
773 917 778 927 N

64 945 150 992 Accola
161 946 287 1005 Vulturni,
297 946 431 1011 pariterque
441 946 557 994 Saticulus
566 963 646 1010 asper,
731 968 734 973 >
763 984 765 987 ,

64 1027 227 1088 Oscorumque
235 1040 328 1073 manus.
338 1029 432 1074 Teretes
442 1038 497 1073 suut
507 1025 591 1073 aclides
601 1023 647 1072 illis

63 1103 133 1162 Tela,
144 1104 184 1152 sed
194 1101 244 1153 haec
253 1105 317 1152 lento
327 1120 378 1151 mos
387 1115 422 1152 est
432 1116 511 1166 aptare
520 1103 627 1168 ssage1105

65 1183 145 1231 Laevas
155 1195 217 1230 cetra
229 1183 298 1246 tegit3
309 1179 386 1230 falcati
395 1183 502 1230 cominus
513 1198 584 1230 enses.

106 1265 153 1310 Nec
164 1274 191 1310 tu
200 1261 343 1309 carminibus
353 1261 438 1310 nostris
446 1261 548 1309 indictus
558 1260 647 1319 abibis,
709 1306 712 1320 ἴ

63 1341 165 1398 nubae,
175 1357 247 1404 quem
256 1343 376 1404 generasse
386 1340 460 1388 Telon
470 1338 594 1389 Sebethide
604 1337 712 1405 nympha

64 1424 149 1470 Fertur
151 1455 164 1496 ζ
169 1419 300 1466 Teleboum
309 1424 409 1484 Capreas
417 1421 472 1468 elma
482 1435 551 1484 regna
561 1432 648 1467 teneret

63 1505 116 1549 Jam
127 1498 203 1563 senior
215 1516 220 1544 ε
232 1499 313 1561 patriis
323 1498 420 1547 sednon
430 1510 453 1546 et
463 1494 526 1548 lilius
536 1499 598 1546 arvis

63 1583 207 1634 Contentus,
217 1577 263 1624 late
274 1574 383 1640 jamtum
393 1577 481 1625 ditione
491 1579 613 1642 premebat

63 1661 177 1708 Sarrastes
187 1656 301 1720 populos,
312 1668 335 1704 et
343 1671 397 1720 quae
407 1657 466 1722 rigat
476 1673 570 1720 equore
580 1659 681 1714 Sarnus,

65 1739 160 1802 Quique
166 1733 261 1791 Rufras,
268 1735 425 1800 Batulumque
431 1747 520 1794 tenent,
526 1747 596 1798 atque
602 1751 658 1782 arva
664 1734 782 1796 Celenae,

63 1821 94 1865 Et
104 1833 163 1880 quos
172 1814 282 1862 maliferae
292 1815 427 1879 despectant
436 1816 523 1863 moenia
536 1804 635 1863 ahena:

62 1894 191 1944 Teutonico
202 1894 250 1942 ritu
259 1894 321 1941 soliti
331 1905 440 1958 torquere
450 1895 547 1954 cateias3

61 1975 175 2038 Tegmina
185 1971 250 2036 queis
261 1974 365 2038 capitum
374 1986 455 2038 raptus
465 1974 494 2022 de
505 1973 588 2021 subere
598 1983 689 2034 corten

62 2056 193 2116 AErataeque
203 2053 290 2100 micant
299 2054 380 2117 peltae,
389 2055 459 2102 micat
468 2069 542 2102 aereus
553 2053 620 2101 ensis.

101 2136 132 2179 Et
143 2144 164 2178 te
174 2143 287 2180 montosae
296 2132 379 2181 misere
386 2132 411 2180 in
422 2134 502 2197 praelia
511 2136 602 2191 Nersae,
660 2131 662 2134 ’
687 2183 690 2191 ,

63 2209 149 2268 Ufens,
160 2211 276 2273 insignem
285 2207 347 2258 fama
357 2222 380 2259 et
389 2210 496 2259 felicibus
504 2213 587 2270 aruris3

63 2290 162 2338 Horrida
172 2290 290 2354 praecipue
299 2291 338 2336 cui
347 2305 416 2353 gens,
427 2302 564 2353 assuetaque
574 2290 651 2338 multo

61 2372 156 2422 Venatn
166 2385 302 2426 nemorum,
314 2367 378 2416 duris
391 2369 509 2432 AEqarieola
520 2369 593 2435 glebis
604 2386 610 2414 ε

61 2448 153 2496 Armati
163 2460 249 2496 terram
259 2460 377 2505 exercent,
388 2465 527 2514 semperque
536 2459 639 2496 recentes

60 2530 204 2577 Consectarc
214 2526 281 2589 juvat
290 2528 391 2592 praedas,
402 2542 425 2575 et
436 2529 512 2575 rivere
523 2539 597 2592 rapto.
630 2555 631 2558 =

102 2607 168 2669 Quin
179 2619 202 2654 et
211 2607 331 2654 Marnabia
341 2608 405 2655 venit
415 2608 443 2654 de
453 2619 521 2671 gente
531 2605 650 2664 sacerdos,

61 2685 155 2734 Fronde
165 2701 235 2749 super
245 2686 336 2749 galeam
345 2698 369 2733 et
378 2685 439 2733 lelici
449 2698 557 2751 comptus
567 2685 630 2733 olivi
635 2719 643 2744 ,

60 2763 176 2828 Archippi
185 2765 245 2830 regis
255 2766 340 2822 missu,
351 2765 490 2814 sanissimus
500 2765 605 2823 Umbm3

60 2843 162 2907 Vipereo
172 2846 250 2909 generi
260 2857 283 2894 et
291 2846 392 2911 graviter
401 2844 545 2911 spirantibus
555 2842 637 2914 hydris
718 2873 721 2884 ι

60 2941 86 2977 v.
105 2922 169 2994 753.
627 2921 671 2972 23.
