1974 3772
298 259 424 310 naurs.
446 263 513 309 nra.
536 264 599 313 vn.
769 259 828 327 257.
919 320 928 327 α

81 360 227 425 infernisque
237 352 282 410 ciet
290 361 406 420 tenebris;
416 361 455 407 cui
465 361 538 408 tristia
548 360 620 418 bella,
710 392 715 397 -

80 445 183 504 Iraeque,
194 439 342 502 insidiaeque,
352 453 375 487 et
384 440 481 486 crimina
492 437 561 487 noxia
571 438 643 488 cordi.

59 554 65 573 1
79 519 137 567 Odit
147 532 169 567 et
179 521 228 583 ipse
237 531 303 583 pater
313 520 412 576 Pluton,
421 519 490 567 odere
500 524 590 566 sorores

78 601 195 646 Tartareae
204 609 351 657 monstrum
361 609 396 645 tot
406 613 456 646 sese
466 598 536 645 vertit
546 598 571 645 iu
579 615 630 656 ora,

77 679 138 725 Tam
148 692 215 724 saevae
223 677 304 735 facies,
313 688 347 724 tot
357 677 459 741 pullulat
468 688 517 726 atra
527 678 636 726 colubria.

80 760 160 820 Quam
170 761 233 804 Juno
242 753 279 803 bis
290 757 352 804 acuit
361 756 448 818 verbis,
461 773 487 804 ac
494 756 549 804 talia
560 757 623 805 satur
634 776 640 804 :

79 839 149 883 Hunc
158 833 218 882 mihi
228 834 257 882 da
267 835 400 900 proprium,
411 835 477 902 virgo
487 848 535 884 sata
546 839 631 897 Nocte,
641 835 759 896 laborem,
821 852 824 859 ·

64 920 66 925 ’
78 919 145 962 Hanc
155 930 264 978 operam3
274 931 304 960 ne
314 926 392 962 noster
401 912 478 963 bonos
487 913 614 964 infractave
624 915 691 965 cedat

77 996 151 1045 Fama
160 995 225 1052 loco3
237 1009 284 1041 neu
293 993 417 1041 connubiis
428 995 516 1042 ambire
527 996 638 1042 Latinum

77 1072 188 1120 'AEneadaa
197 1074 298 1136 possint,
309 1073 408 1120 Italosve
418 1072 524 1121 obsidere
536 1071 600 1138 fines

77 1155 115 1199 Tu
125 1164 192 1216 potes
201 1151 324 1198 unanimes
334 1167 423 1198 armare
433 1151 457 1199 in
467 1151 548 1216 praelia
556 1149 649 1211 fratres,

78 1231 157 1293 Atque
167 1229 227 1277 odiis
237 1246 328 1278 versare
338 1230 420 1278 domos
431 1248 437 1278 :
448 1241 475 1278 tu
485 1230 581 1278 verbera
592 1229 659 1278 tectis

79 1312 243 1372 Funereasque
253 1307 338 1357 inferre
346 1306 420 1358 faceo:
432 1309 475 1357 tibi
486 1311 582 1358 nomina
591 1309 668 1368 mille,

77 1389 142 1436 Mille
153 1387 252 1436 nocendi
262 1400 335 1448 artes3
347 1385 474 1437 secundum
483 1401 581 1438 concute
590 1375 686 1453 pectus,
717 1382 726 1390 '

79 1466 164 1531 Disjice
174 1469 327 1532 compositam
336 1483 431 1531 pacem,
441 1483 489 1516 sere
500 1468 597 1516 crimina
606 1467 662 1516 belli
673 1484 680 1514 ι

78 1547 151 1595 Arma
158 1547 228 1605 velit,
238 1558 365 1612 poscatque
375 1546 457 1604 simul,
468 1547 589 1612 rapiatque
600 1544 717 1610 juventate

118 1625 178 1673 Exin
189 1627 319 1692 Gorgoneis
329 1625 411 1674 Alecto
421 1624 505 1674 infecta
516 1625 612 1674 venenis

78 1705 195 1770 Principio
207 1706 300 1754 Latium
309 1718 333 1754 et
340 1706 463 1754 Laurentis
472 1717 532 1754 tecta
540 1704 636 1772 tyranni

77 1785 145 1834 Celsa
155 1785 229 1850 petit,
239 1785 383 1850 tacitumque
392 1785 484 1834 obsedit
493 1785 566 1833 limen
575 1783 666 1833 dmatae
678 1801 684 1830 :

78 1867 159 1926 Quam
169 1879 240 1929 super
250 1865 356 1914 adventu
363 1867 494 1923 Teucrum,
504 1864 626 1933 Turnique
636 1860 778 1930 hymenaeis,

78 1943 195 1992 Femineae
206 1944 325 1992 ardentem
332 1961 441 2011 curaeque
448 1945 536 2010 iraque
545 1931 684 2007 coquebant

78 2023 139 2071 Huic
149 2027 198 2070 Dea
208 2025 311 2072 caeruleis
320 2041 397 2074 unum
406 2025 436 2073 de
445 2025 549 2075 crinibus
560 2039 662 2088 anguem

46 2121 50 2127 ¹
66 2099 191 2164 ¹Conjicit‚
202 2102 277 2167 inque¹
284 2104 362 2152 sinum
372 2104 499 2169 praecordia
508 2104 538 2152 ad
548 2103 630 2152 intima
640 2100 734 2161 subdit,

78 2183 134 2244 Quo
144 2178 272 2228 furibunda
282 2183 381 2233 domum
388 2195 493 2230 monstro
502 2183 639 2248 permisceat
648 2194 750 2229 omnem

77 2259 119 2307 ille
130 2260 190 2306 inter
200 2271 275 2308 vestes
286 2271 310 2308 et
318 2261 379 2308 levia
389 2265 483 2324 merore
492 2240 573 2326 lapda

77 2338 190 2391 Volvitur
199 2349 287 2386 attactu
296 2339 375 2396 nullo,
385 2339 491 2404 fallitque
501 2337 631 2399 liuentem,

76 2416 204 2481 Vipeream
213 2417 329 2482 inspirans
339 2419 441 2467 animam
452 2437 458 2466 :
469 2414 497 2468 fit
507 2419 585 2467 tortile
594 2417 656 2466 collo

28 2519 31 2525 ·
77 2495 171 2544 Aurum
182 2498 263 2562 ingens
272 2498 381 2556 coluber,
392 2496 418 2546 fit
425 2499 501 2564 longae
510 2498 580 2546 taenia
589 2498 667 2555 vittae,

78 2576 226 2640 annectitque
235 2592 312 2624 comas
321 2613 328 2637 ,
337 2589 360 2626 et
370 2578 481 2626 membris
489 2578 594 2626 lubricus
604 2587 672 2623 errat

78 2654 113 2702 Ac
123 2655 182 2702 dirm
190 2655 266 2718 prima
276 2656 327 2703 lues
336 2656 384 2704 udo
395 2656 504 2721 sublapsa
515 2672 606 2705 veneno

78 2736 198 2782 Pertentat
207 2751 301 2794 sensus,
311 2747 381 2799 atque
391 2727 482 2784 ossibus
493 2736 597 2800 implicat
606 2733 698 2798 ignem,

78 2813 185 2860 Neoditm
194 2814 286 2862 animus
296 2825 345 2862 toto
353 2815 457 2878 percepit
465 2827 559 2880 pectore
568 2813 702 2872 flammam
781 2849 789 2869 ,1

77 2891 186 2950 Molliiu,
197 2903 220 2941 et
229 2894 297 2942 solito
308 2904 410 2943 mamm
419 2893 449 2944 de
458 2909 533 2954 more,
542 2893 620 2942 locuta
630 2901 678 2948 est,

78 2988 105 3025 r.
123 2967 188 3046 357.Ἰ
623 2984 666 3021 aa.

802 2733 808 2757 l
