1974 3772
135 341 211 416 viij-¹
395 268 616 394 vradrsrr
663 336 667 347 ·

174 443 378 502 uadimttomni
387 442 700 509 scriptores‚eediteGraii:
738 484 740 489 .

213 523 295 601 llesoio
304 523 363 588 quid
372 521 450 588 majus
459 524 562 573 nasutur
572 524 650 573 Iliade.

175 691 312 761 Augustus
321 681 467 752 rer‘osciun
478 685 537 740 tr'rm
546 685 614 740 fortir
624 684 796 759 expeditione
806 688 873 742 Can·

131 769 236 827 tubriul
249 771 368 838 abesset,
385 785 413 825 et
432 772 602 844 supplicibus
624 785 704 844 atque
721 772 873 827 minacibus

131 876 181 931 per
191 857 282 928 jo'eum
294 859 392 911 litteris
402 855 573 930 efflagitaret,
586 871 617 910 ut
632 855 685 909 sibi
694 855 731 908 de
741 856 873 924 Eneide,
895 889 897 893 ·

131 955 162 996 ut
171 944 257 1014 ipsius
268 940 352 997 rerba
362 956 438 1006 sunt,
448 943 491 996 rel
503 944 589 1014 prima
600 943 726 994 carminis
738 940 873 1016 hypogra-

83 1050 88 1060 =
129 1025 201 1100 pha,
212 1028 255 1082 rel
270 1022 417 1098 quodlibet
425 1028 506 1080 colon
517 1029 650 1090 mitteret,
661 1029 772 1099 negavit
782 1045 809 1078 se
821 1026 872 1080 fae

129 1124 222 1164 turum
238 1113 380 1184 Virgilius.
393 1114 443 1165 Cui
455 1124 544 1164 tamen
555 1113 642 1163 multd
652 1114 737 1183 post,
754 1111 872 1184 perfectu

129 1193 240 1249 demum
259 1199 390 1259 natent,
410 1210 463 1249 tres
485 1199 598 1249 omnino
618 1195 704 1249 libros
727 1198 870 1263 recitavit;

127 1279 280 1373 seeundum
299 1281 448 1345 videlieet,
468 1294 612 1352 quartum,
634 1294 661 1334 et
680 1292 794 1333 sextum.
817 1276 870 1335 sed

126 1356 204 1432 lunc
223 1366 358 1438 praeeipud
375 1364 412 1419 ob
433 1367 594 1420 Octaviam:
614 1382 674 1439 quae
694 1384 756 1418 eum
776 1368 871 1419 recita-

128 1451 198 1503 tioni
215 1452 369 1515 interesset,
389 1449 423 1502 ad
437 1451 500 1503 illos
516 1450 550 1502 da
569 1449 691 1503 filiosuo
710 1469 818 1515 versus,
833 1451 870 1503 Tu

128 1536 266 1589 Marcellus
280 1540 343 1600 eris,
361 1533 487 1588 defecisse
501 1533 604 1588 fertur:
617 1549 703 1611 atque
716 1535 785 1609 aegrd
801 1533 870 1587 refo-

127 1620 235 1684 allata,
247 1611 318 1673 dena¹
333 1623 454 1674 sestertia
469 1639 520 1693 pro
535 1621 644 1694 singulo
655 1638 735 1675 versu
750 1621 868 1696 Virgilio

127 1702 187 1757 dari
200 1705 287 1775 jussit.
802 1773 805 1777 ἢ

170 1783 297 1843 Buooliea
315 1789 503 1862 Georgicaque
523 1787 686 1842 emendavit.
704 1791 783 1842 Anno
803 1782 869 1844 verli

126 1875 353 1947 quinquagesimo
379 1872 500 1925 seeundo
517 1912 524 1936 ,
549 1887 580 1925 ut
608 1875 732 1925 ultimam
756 1892 867 1927 manum

125 1956 237 2011 AEneidi
252 1959 417 2029 imponeret,
435 1961 529 2010 statuit
545 1959 574 2011 in
585 1959 716 2011 Graeciam
731 1972 759 2011 ot
779 1961 866 2012 Asiam

125 2041 266 2106 secedere,
286 2043 459 2115 triennioque
477 2045 609 2096 continuo
629 2061 735 2095 omnem
756 2032 886 2115 operam⁴

125 2128 262 2180 limationi
273 2123 352 2192 dure,
362 2128 431 2180 utin
442 2126 546 2201 reliqud
557 2130 613 2183 vitai
625 2127 732 2180 tuntum
743 2127 866 2200 philoso»

126 2209 198 2283 phin
222 2219 338 2266 secaret.
361 2211 415 2265 Sed
435 2210 497 2264 edm
519 2231 657 2286 eggressus
679 2215 731 2265 iter
753 2211 865 2266 Athenis

125 2297 415 2368 'ouourrissetrlugusto
422 2295 455 2350 ab
465 2299 575 2351 Oriente
587 2301 698 2350 Romam
708 2300 865 2364 revertenti,

125 2381 182 2434 uul
192 2394 254 2433 uum
263 2383 365 2435 Caesure
379 2381 467 2434 redire
478 2386 580 2436 statuit.
593 2385 627 2436 dt
641 2380 703 2435 edm
716 2385 864 2455 Megaram,

126 2467 248 2520 virinum
259 2465 370 2519 Athenis
379 2465 525 2539 oppidum,
537 2466 644 2521 visendi
655 2469 740 2540 gratia
750 2481 864 2538 peteret,

125 2549 286 2625 languorem
300 2565 395 2604 nactus
405 2544 467 2616 'est;
484 2571 565 2624 quem
579 2571 634 2605 non
651 2554 803 2605 intermissa
819 2569 867 2608 naa

126 2637 229 2708 rigatio
241 2639 328 2700 sunit,
338 2639 376 2690 ite
385 2651 416 2691 ut
425 2641 534 2721 gravior
543 2640 572 2689 in
582 2636 652 2702 dies,
662 2636 771 2688 tandem
781 2641 866 2689 Brun-

127 2718 237 2773 dusium
247 2720 400 2778 adventurit
411 2744 417 2772 ε
430 2721 477 2774 ubi
490 2721 586 2775 diebus
595 2725 688 2795 paucis
699 2722 784 2786 obiit,
795 2720 866 2773 deci·

126 2821 170 2858 mo
185 2804 290 2858 calend.
304 2807 438 2870 octobris,
453 2810 501 2860 Cn.
516 2805 636 2872 Plautii,
654 2821 679 2859 et
695 2811 726 2874 Q.
740 2808 866 2860 Lucretio

128 2910 194 2949 ensa,
208 2891 261 2958 Qui
272 2891 333 2943 erim
344 2895 449 2966 gravari
460 2892 556 2946 morbo
568 2911 622 2947 sese
632 2895 756 2957 sentiret,
767 2892 866 2944 serinia

127 2973 228 3047 sapiet
238 2979 334 3048 magua
345 2979 474 3030 instantii
483 2981 593 3061 petivit,
604 2977 865 3037 crematurusffl
