1974 3772
131 280 166 328 80
333 275 466 322 avenn
486 272 680 326 vinctus

129 377 311 437 Extremsmque
321 374 400 436 nepai,
411 383 451 418 aut
461 370 538 419 medio
547 370 702 435 procumbere
712 384 796 436 eampo

130 455 278 510 Pascentem,
288 463 311 499 et
320 466 376 499 serae
386 449 579 498 solam‘deccdere
589 450 666 508 nocti,

130 532 251 582 Continub
259 530 355 594 culpam
364 529 424 577 ferro
435 544 568 593 compesce,
577 528 718 592 priusqubm
742 557 753 573 e

131 612 186 658 Dira
196 627 238 675 per
248 609 370 658 incautum
379 619 474 672 serpant
482 608 588 671 'contagia
599 607 691 672 vulgus.

130 693 184 738 Non
194 688 332 746 timereber
342 703 411 752 agens
421 684 524 735 hiemem
533 686 581 734 ruit
591 701 684 750 aequore
692 684 777 744 turbo,

131 769 211 831 Qubm
220 768 302 815 multas
311 766 429 830 pecudum
439 778 515 830 pestes
526 783 532 812 ε
543 781 586 812 nec
595 764 687 831 singula
694 765 773 813 morbi

129 849 234 911 Corpora
244 845 388 909 corripiunt,
397 844 439 893 sed
448 856 496 892 tota
507 844 587 892 aestiva
596 832 705 909 repente,

130 927 257 990 Spemque,
264 940 403 990 gregemque
409 923 650 986 simul,cunctamque
657 916 781 988 aborigirre¹
788 936 888 990 gentem.

168 1005 232 1052 Timr
241 1005 310 1063 sciat,
321 1003 393 1052 aerim
401 1004 473 1067 Alpes
483 1014 506 1049 et
515 1001 597 1049 Norica
607 1002 627 1049 si
636 1001 690 1065 quis

129 1083 231 1132 Castella
241 1083 266 1130 in
276 1081 387 1140 tumulis,
396 1093 420 1131 et
429 1080 515 1146 lapidis
525 1096 581 1128 arva
589 1080 692 1137 Timavi,

130 1165 199 1211 Nunc
209 1177 305 1226 quoque
315 1162 368 1226 pbst
378 1171 443 1208 tanto
454 1156 691 1224 videat,‘desertaque
701 1174 772 1224 regna

129 1240 460 1306 Pastorum‚etlongesaltus
469 1239 686 1303 latequevacantes
840 1230 846 1240 ⁸

169 1322 214 1366 Hic
224 1318 344 1383 quondam
354 1318 437 1366 morbo
447 1318 500 1365 coeli
508 1317 640 1376 miseranda
650 1328 729 1364 coorta
738 1328 773 1366 est

129 1402 386 1463 Tempestas,totoqus
396 1395 504 1444 autumni
512 1388 638 1445 incanduit
646 1405 718 1454 testu,
762 1427 764 1431 ·
855 1418 857 1423 ·

131 1479 162 1524 Et
170 1491 244 1542 genus
254 1492 324 1524 omne
335 1475 385 1524 neci
395 1475 514 1540 pecudum
524 1475 601 1534 dedit,
611 1491 681 1523 omne
691 1473 805 1536 ferarum,

130 1555 289 1620 Corrupitque
298 1554 375 1612 lacus,
385 1553 466 1603 infecit
474 1555 562 1618 pabula
568 1555 631 1602 tabo.
660 1562 663 1566 '

80 1650 83 1657 ·
130 1637 178 1683 Nec
188 1635 226 1682 via
235 1633 317 1682 mortis
327 1645 376 1682 erat
386 1633 497 1698 simple13
508 1633 549 1682 sed
558 1634 601 1682 ubi
612 1634 678 1698 ignea
688 1633 755 1682 venis

130 1713 249 1762 Omnibus
258 1725 309 1762 acta
318 1714 368 1761 sitis
377 1712 473 1761 miseros
481 1713 608 1761 adduxerat
616 1725 694 1771 aman,

108 1829 114 1834 -
130 1794 221 1842 Rursus
231 1792 368 1841 abundabat
378 1791 465 1842 fluidus
473 1793 565 1856 liquor,
574 1792 700 1858 omniaque
708 1791 735 1838 in
744 1805 770 1838 te

130 1876 188 1919 Ossa
197 1872 334 1919 minutatim
342 1872 426 1919 morbo
436 1872 537 1934 collapsa
548 1868 661 1920 trahebat.
720 1907 722 1909 .

169 1951 236 2014 Saepe
246 1947 370 1996 inhonore
380 1950 457 1997 Datim
466 1949 544 1997 medio
554 1962 617 1998 stans
629 1947 706 1997 hostia
716 1948 745 1997 ad
755 1964 833 2007 arem,

131 2032 208 2077 Lanca
218 2027 276 2075 dbm
286 2027 355 2075 nivel
364 2027 522 2076 circumdatur
532 2027 606 2076 infula
616 2028 689 2089 vitei,

130 2113 194 2155 Inter
204 2119 339 2160 cunctantes
349 2107 431 2155 cecidit
438 2106 580 2157 mbribnnda
587 2107 714 2157 ministros.

130 2187 181 2234 Aut
190 2185 209 2233 si
219 2200 292 2250 quam
301 2185 362 2234 serm
371 2198 512 2235 mactaverat
522 2189 576 2235 ante
586 2185 704 2250 sacerdos,

131 2264 189 2314 Inde
199 2281 275 2329 neque
286 2265 400 2330 impositis
411 2266 494 2315 ardent
503 2265 583 2314 altaria
594 2262 672 2323 fibris,

131 2347 178 2392 Nec
187 2359 299 2407 responsa
309 2357 386 2410 potest
395 2345 516 2394 consultus
526 2345 622 2393 reddere
631 2355 710 2405 vates,

130 2422 165 2472 Ac
175 2423 215 2470 vix
223 2424 340 2488 suppositi
351 2424 474 2488 tinguntur
484 2425 595 2490 sangnine
606 2423 688 2480 cultri,
786 2434 790 2441 ¹

131 2504 274 2566 Summaque
285 2499 364 2566 jejunit
374 2503 437 2552 sanie
448 2503 578 2552 infuscatur
587 2519 663 2551 arena.

169 2581 231 2629 Hinc
240 2581 299 2628 laetis
309 2582 378 2630 vituli
388 2582 460 2648 vulgb
470 2584 604 2631 moriuntur
613 2581 638 2629 in
648 2579 740 2638 herbis,

131 2663 161 2709 Et
174 2660 254 2708 dulces
264 2659 353 2708 animas
361 2660 432 2726 plena
443 2661 472 2710 ad
481 2662 594 2728 praesepis
604 2660 712 2708 reddunt.

130 2738 191 2786 trine
199 2739 297 2786 canibus
307 2737 399 2787 blandis
410 2740 485 2787 rabies
497 2741 574 2798 venit,
585 2751 608 2788 et
617 2739 694 2805 quatit
701 2752 774 2802 aegrvs

131 2818 210 2864 Tussis
219 2816 302 2865 anhela
313 2834 379 2877 sues,
390 2834 416 2866 ac
425 2818 534 2867 saucibus
543 2820 608 2884 angit
617 2818 700 2866 obesis.

171 2895 281 2965 Labitur,
292 2895 373 2946 infelix
382 2897 515 2951 studiorum
526 2911 596 2964 utque
605 2897 730 2947 immemor
739 2891 833 2958 berbae,

127 2990 157 3026 a.
171 2977 185 3039 [ι
189 2975 234 3043 98.
816 2978 822 2989 ”
