1974 3772
285 226 412 295 manre
434 228 501 276 nra.
522 231 576 291 uu
752 229 800 295 169

58 326 192 393 hospicio,
200 325 351 390 sonitumque
360 326 449 391 pedum
459 343 588 392 vocemque
597 325 718 395 tremisso.-

59 409 157 460 Vietum
166 403 296 464 infelicem,
306 405 400 465 baccas,
409 405 561 472 lapidosaque
571 423 643 466 corna
705 475 709 482 Ι

59 492 123 536 Dant
132 485 205 542 remi,
215 496 238 533 et
248 483 320 534 vulsis
328 497 427 550 pascunt
437 485 553 535 radicibus
563 484 649 535 herbae.

57 565 147 617 omnia
156 564 308 623 collustrans
317 562 379 613 hanc
388 561 493 629 primum
502 564 532 612 ad
541 565 618 615 littora
627 565 724 616 classem

57 642 333 710 Conspexivenientem
328 631 400 693 huic
410 660 447 691 me
453 659 617 709 ‚quacunque
627 643 721 705 fuisset,

57 724 160 774 Addixi·
171 724 226 772 satis
236 736 271 771 est
280 735 373 789 gentem
383 722 489 793 effitgisse
499 722 631 771 nefandam.
680 768 683 773 .

57 808 108 858 Vos
118 803 223 852 animam
232 799 293 851 banc
302 803 381 867 potius
391 818 533 881 quocunque
544 802 660 851 absumite
669 802 724 852 leto.

98 882 147 935 Vix
154 898 181 930 ea
192 879 253 930 fatus
263 893 325 940 erat,
335 896 429 930 summo
439 883 495 930 cum
503 893 583 930 monte
594 882 701 932 videmus

59 962 160 1027 Ipsum'
151 973 213 1017 mter
221 960 323 1025 pecudes
333 962 399 1009 vasti
408 977 432 1008 se
441 960 504 1009 mole
513 973 650 1010 moventem

58 1044 180 1090 Pastorem
189 1037 376 1105 Polyphemum,
386 1051 410 1089 et
418 1039 496 1088 littora
507 1051 562 1089 uota
572 1051 705 1104 petentem.

59 1116 354 1178 lllonstrumborrendnm,
360 1118 483 1169 informe
464 1136 567 1183 ‚,rngons
572 1118 699 1168 cuilumen
709 1118 852 1185 ademptum.

56 1198 154 1247 Trunca
164 1215 262 1247 manum
268 1200 339 1263 pinus
349 1198 421 1263 regit,
431 1182 455 1249 el
463 1198 559 1263 uestigia
570 1193 654 1247 firmat.

58 1277 180 1343 wigera
190 1279 330 1327 comitantur
340 1293 409 1338 ovem
420 1293 447 1325 ea
459 1277 510 1325 sola
521 1276 642 1344 voluptas,

60 1357 217 1421 solamenque
226 1356 298 1406 malit
310 1355 339 1404 de
349 1356 409 1404 collo
419 1351 497 1404 fistula
507 1356 600 1422 pendet

61 1438 189 1500 Postquam
198 1435 257 1484 altos
266 1435 342 1502 tetigit
351 1433 447 1492 fluctus,
457 1447 480 1484 et
490 1435 520 1484 ad
530 1451 625 1500 equora
635 1436 712 1495 venit,

59 1514 168 1564 Luminis
178 1514 256 1564 effossi
264 1512 366 1565 fluidum
375 1514 433 1564 lavit
442 1514 497 1562 inde
506 1530 627 1572 cruorem,

59 1590 178 1643 Dentibus
188 1591 322 1645 infrendens
332 1595 434 1660 gemitu3
445 1593 597 1658 graditurque
607 1609 650 1659 per
659 1609 740 1658 aequor

59 1679 113 1722 lam
123 1674 240 1745 medium,
249 1673 350 1722 neodbm
360 1672 446 1722 fluctus
455 1674 526 1721 latera
538 1673 610 1722 ardua
620 1672 696 1725 tinxit.

99 1755 148 1801 Nos
158 1753 242 1817 procul
252 1752 306 1804 inde
315 1751 397 1819 sugam
405 1753 491 1818 trepidi
500 1753 610 1812 celerare,
621 1764 713 1818 recepte

59 1832 185 1897 Supplioe,
195 1831 228 1881 sic
236 1829 333 1888 merito,
342 1833 452 1897 tacitique
462 1831 564 1880 incidere
573 1830 656 1881 funem
666 1849 673 1879 t

61 1912 183 1960 Venimus
193 1923 217 1959 et
225 1912 295 1977 proni
303 1911 446 1961 certantibus
457 1927 551 1977 aequom
560 1911 638 1960 remis.

59 1989 150 2049 Sensit,
161 2002 185 2039 et
194 1990 224 2039 ad
233 1990 338 2040 sonimm
347 1992 411 2039 vocis
420 1992 517 2057 vestigia
526 1991 599 2040 torsit.

62 2071 161 2128 verum,
171 2069 215 2118 ubi
224 2070 290 2118 nulla
299 2070 370 2120 datur
379 2069 484 2120 dextram
493 2069 599 2120 affectare
608 2081 723 2137 potestas,

63 2150 109 2198 see
118 2149 184 2217 potis
194 2148 272 2197 Ionios
282 2148 368 2199 fluetm
378 2165 470 2214 aeqnere
480 2150 613 2215 sequendo,

59 2225 196 2278 Clamorem
204 2227 347 2279 imensum
356 2228 430 2287 tollit,
440 2245 488 2293 quo
498 2241 587 2294 pontus
597 2239 620 2277 et
630 2242 711 2277 omnes

64 2309 207 2355 intremuere
216 2307 301 2366 undar,
311 2309 453 2374 penitusque
463 2308 569 2357 exterrita
580 2308 649 2357 tellus

64 2386 147 2445 ltalia,
157 2385 283 2450 curvisque
293 2386 410 2453 immugiit
419 2392 490 2437 AEtna
499 2387 610 2437 cavernis.

65 2462 95 2512 dt
104 2480 178 2532 genus
188 2468 202 2513 ὸ
210 2466 275 2514 silvis
285 2468 419 2533 Cyclopum
427 2479 451 2516 et
460 2466 582 2517 montibus
592 2466 644 2516 altis

64 2543 175 2595 Excitnm
184 2544 232 2597 ruit
242 2544 377 2612 adportas,
387 2558 412 2596 et
419 2547 500 2597 littora
508 2548 635 2612 complent.

63 2623 188 2677 Cernimus
196 2625 312 2675 adstantes
322 2627 481 2692 nequicquam
488 2627 579 2675 lumine
589 2638 658 2675 torvo

64 2708 166 2753 AEtnaeos
176 2701 271 2764 fratres,
282 2706 341 2754 ooelo
351 2706 428 2771 capita
437 2707 483 2754 alta
494 2704 606 2764 ferentes,

63 2783 198 2832 (loneilium
206 2781 367 2857 horrendum
378 2784 490 2850 quales'
468 2784 614 2845 cumrerum
623 2783 684 2832 celso

65 2861 139 2911 Aetia
148 2853 251 2928 quercus
260 2875 301 2914 aut
309 2863 418 2914 coniferae
427 2864 540 2930 cyparissi

66 2939 674 2993 r.680.15
