1974 3772
133 228 186 295 354
335 231 465 280 nusum
486 228 659 283 v1nu1nn

133 336 178 382 em
187 335 283 388 Turno,
293 342 317 380 et
326 345 440 396 magnum
449 329 544 396 Regino
553 345 642 379 nomen
651 328 790 384 obumlnt
799 353 807 384 e

132 411 208 462 uolo
219 410 297 458 virum
306 409 395 458 meritis
404 409 703 473 sustentatt‘amatropoeis.
821 464 825 473 Ι

173 495 222 539 Hos
232 490 293 541 inter
299 500 391 546 moun,
400 488 479 537 medio
489 488 514 536 in
524 486 636 553 flagrante
646 490 772 550 tumnultu,

134 572 193 620 Ecce
202 585 273 635 snper
282 569 359 617 moesti
369 569 454 633 magud
464 566 584 616 Diomedis
594 566 625 615 ab
634 567 696 615 urbe

133 649 214 714 Legati
223 663 333 712 responsa
344 644 423 696 semnt
433 664 439 693 t
450 643 510 694 nihil
520 646 631 694 omnihus
641 658 723 696 tetum

132 732 264 777 Tantorum
273 725 385 790 impensis
395 741 507 791 opemm3
519 726 552 774 nil
562 725 626 774 dona
634 741 715 793 neque
726 740 829 789 euram,

133 809 181 856 ltee
189 821 286 870 maguus
294 805 394 853 valuisse
403 821 483 869 preces
491 822 498 865 ;
507 804 553 852 alia
563 820 628 852 arma
641 805 733 854 [aunis

134 885 279 949 Quaerenda,
290 895 332 932 aut
340 899 423 948 pacem
431 881 535 946 Trojano
545 883 576 932 ab
586 899 642 949 rege
648 884 788 950 petendum.

134 961 216 1012 Deficit
227 963 315 1028 ingenti
324 964 391 1011 luctu
400 977 441 1010 rex
450 963 500 1026 ipse
511 963 615 1011 Latinus.

133 1042 239 1092 Fatalem
248 1046 338 1090 AEnean
347 1040 471 1090 manifesto
482 1042 579 1090 numine
588 1040 643 1089 seni

133 1121 252 1170 Admonet
262 1121 296 1169 ire
306 1123 396 1179 Deum,
407 1120 539 1185 tumulique
549 1132 602 1168 ante
610 1136 652 1168 ora
661 1131 776 1171 reoentet.

132 1205 195 1266 Ergo
205 1201 332 1250 concilium
341 1216 455 1266 magnum
463 1199 598 1265 primosque
607 1215 707 1247 suorum

133 1280 235 1344 Imperio
246 1280 330 1329 accitos
340 1281 385 1328 alta
394 1279 455 1327 intra
465 1279 546 1327 limina
556 1278 624 1343 cogit.

133 1360 181 1407 Olli
191 1359 334 1417 convenere,
344 1357 470 1422 fluuntque
479 1358 509 1406 ed
519 1357 579 1423 regin
589 1356 666 1421 plenis

131 1441 204 1486 Tecta
213 1437 263 1484 viis.
275 1436 344 1486 Sedet
353 1436 379 1484 in
388 1437 483 1494 mediis,
494 1448 517 1484 et
526 1435 643 1484 maximus
653 1451 719 1495 aevo,

132 1518 165 1565 Et
173 1515 265 1580 primus
272 1517 382 1580 sceptris,
390 1514 456 1564 haud
465 1517 518 1564 laeta
528 1511 617 1572 fronte,
628 1515 736 1565 Latinus.

133 1594 212 1660 Atque
221 1591 261 1644 hic
270 1593 358 1661 legatos
368 1595 446 1644 AEtoll
456 1611 484 1643 ex
491 1593 551 1643 urhe
560 1593 683 1650 remissos,

134 1676 196 1737 Qun
205 1671 319 1733 reserant,
328 1674 373 1723 {ari
383 1671 463 1739 jubet,
470 1685 497 1722 et
506 1688 616 1738 responsa
626 1672 731 1738 reposcit

130 1752 224 1802 ordine
232 1764 316 1802 cuncta
325 1770 376 1802 suo.
387 1755 450 1802 Tum
458 1753 518 1801 lucta
529 1752 620 1821 silentia
629 1752 732 1819 lingerio,

134 1835 164 1880 Et
173 1831 282 1883 Venulus
292 1832 354 1881 dicto
364 1848 448 1896 parens
457 1831 490 1880 ita
500 1828 569 1880 farier
579 1825 633 1879 infit
643 1849 649 1879 :

172 1910 296 1970 Vidimus,
305 1911 321 1958 d
331 1913 405 1970 cives,
416 1909 555 1960 Diomedem
564 1910 701 1975 Argivaque
710 1922 798 1970 caeno,

133 1989 225 2052 Atque,
235 1989 279 2038 iter
289 1990 389 2048 emensi,
400 2007 467 2037 casus
476 1989 640 2056 superavimus
649 2005 747 2051 omnes;

133 2066 327 2132 contigimusque
336 2083 444 2127 manum,
454 2070 502 2131 qud
512 2069 614 2118 concidit
626 2068 669 2117 Ilia
679 2070 759 2118 tellus.

27 2163 38 2176 =
132 2146 175 2194 Ille
185 2145 270 2194 urbem
280 2146 434 2212 Argyripam,
444 2150 527 2213 patriae
536 2147 675 2214 cognomine
682 2149 775 2214 gentis,

132 2224 215 2276 Victor
225 2225 328 2292 Gargani
338 2226 454 2276 condebat
462 2227 556 2294 Iapygis
566 2227 634 2277 arvis.

133 2305 261 2370 Postqulm
271 2306 417 2372 introgressi,
425 2319 449 2355 et
458 2308 537 2356 oorlm
547 2307 600 2356 dote
610 2306 677 2371 copia
688 2302 768 2364 fandi,
835 2297 838 2303 ’

132 2387 232 2450 Munera
241 2384 400 2447 praeferimus,
410 2402 497 2435 nomen
506 2386 654 2450 patriamque
665 2385 792 2444 docemus;

134 2461 183 2527 Qui
193 2461 284 2511 bellum
293 2464 428 2523 intulerint,
436 2480 491 2529 quta
500 2480 570 2513 eausa
579 2464 698 2513 attraxerit
706 2466 794 2530 Arpos.

172 2541 266 2590 Auditis
275 2542 315 2590 ille
324 2540 375 2591 lraec
384 2543 477 2608 placido
486 2544 519 2592 sic
528 2544 631 2592 reddidit
640 2559 680 2593 ore
690 2561 697 2592 ι

132 2620 287 2670 Osortunatae
297 2635 389 2687 gentes,
399 2625 508 2672 Saturnia
517 2639 600 2688 regna,

133 2698 232 2765 Antiqui
241 2700 354 2761 Ausonii,
364 2717 418 2767 quae
427 2718 469 2751 vos
478 2701 573 2751 fortuna
582 2702 676 2767 quietos

133 2779 257 2839 Sollicitat,
268 2781 396 2846 suadetque
407 2782 485 2847 ignota
495 2783 605 2830 lacessere
614 2777 695 2829 bena?

134 2857 277 2923 Quicunque
288 2859 369 2910 Iliacos
379 2859 440 2910 ferro
450 2861 591 2911 violavimus
601 2876 669 2927 agro·

133 2954 159 2989 v.
177 2934 240 2991 255.
