1974 3772
183 264 238 325 ses
392 261 523 310 ensnrr
542 262 715 315 vraornn

182 360 259 420 Dixit,
271 371 295 407 et
305 361 359 408 ante
368 357 423 408 tulit
431 375 548 424 gressum,
559 372 700 427 camposque
709 363 809 412 nitentes

183 442 288 504 Desuper
298 449 398 487 ostentet
409 457 415 485 z
426 435 511 486 dehinc
521 456 613 487 summa
623 440 743 488 cacumina
753 441 875 506 linquunt.

220 517 254 566 At
263 530 329 583 pater
338 515 452 575 Anchises
462 517 556 583 penitius
566 520 672 567 convalle
682 520 768 568 virenti

181 597 287 646 Inclusas
296 597 397 656 animes,
408 613 568 662 superumque
578 598 608 646 ad
616 598 698 646 lumen
709 599 795 660 ituras,

181 675 307 726 Lustrabat
316 676 394 724 studio
405 677 507 725 recolens
515 695 521 738 3
532 693 674 741 omnemque
683 694 783 726 suorum

182 757 253 804 Forte
262 756 396 803 recensebat
404 772 542 813 numerum,
553 771 665 820 carosque
674 769 785 821 nepotes,

182 835 299 899 Fataque,
310 834 462 898 fortunasque
471 834 563 894 virum,
572 849 708 898 moresque,
717 852 858 900 mnusque.

150 928 154 940 ·
181 916 250 978 itque
260 913 303 962 ubi
313 913 448 962 tendentem
458 913 584 962 adversum
596 929 639 977 per
648 914 753 978 gramina
763 915 823 963 vidit

181 995 283 1050 AEneen,
292 992 372 1039 alacris
382 992 471 1057 palmae
481 1004 592 1055 utrasque
602 992 714 1052 tetendit3

182 1070 314 1135 uncoque
324 1073 389 1136 genis
398 1071 507 1136 lacrymer
514 1107 520 1129 ,
526 1082 555 1119 -et
564 1087 610 1118 vox
619 1071 704 1119 excidit
713 1087 767 1120 ore:

183 1150 273 1202 Venisti
283 1151 391 1208 tandem,
402 1162 489 1214 tuaque
500 1161 601 1214 spectata
611 1150 703 1213 parenti

183 1229 245 1283 Vicit
252 1229 296 1278 iter
305 1220 393 1279 dururu
402 1229 490 1294 pietas!
501 1227 570 1277 datur
579 1245 620 1276 ora
630 1229 703 1286 tueri,

180 1312 253 1368 Note,
262 1320 316 1365 tua,
327 1320 352 1357 et
361 1320 427 1356 notas
437 1307 517 1355 audire
526 1319 550 1354 et
559 1307 656 1355 reddere
666 1308 748 1355 voces!

179 1387 218 1436 Sic
228 1386 337 1451 equidem
347 1385 462 1434 ducebam
472 1386 564 1445 animo,
574 1385 688 1450 rebarque
699 1387 821 1448 futurum,

180 1469 296 1530 Tempora
306 1466 470 1525 dinumerans3
482 1481 523 1512 nec
531 1480 569 1512 me
578 1480 630 1512 men
640 1481 695 1513 cura
705 1463 794 1514 fefellit

181 1548 247 1608 Quas
257 1560 300 1608 ego
310 1555 333 1592 te
342 1556 414 1593 terras
425 1556 448 1593 et
457 1555 545 1608 quanta
555 1559 597 1607 per
607 1544 701 1608 equore
712 1555 808 1593 vectum

180 1623 290 1687 Accipio!
301 1624 396 1686 quantis
406 1622 519 1687 jactatum
523 1658 531 1697 p
541 1634 608 1681 nate,
617 1623 722 1687 periclis!

181 1703 261 1765 Quium
270 1702 344 1749 metui
355 1703 453 1767 nequid
463 1702 544 1767 Libyae
555 1702 598 1749 tibi
608 1717 678 1766 regna
691 1703 815 1761 nocerent!

181 1781 222 1828 lile
233 1792 313 1828 autem
323 1799 329 1828 ε
339 1785 391 1830 Tua
400 1797 451 1840 me,
461 1781 564 1846 genitor,
575 1793 615 1828 tua
626 1780 697 1830 tristis
707 1781 798 1846 imago,

133 1892 136 1898 ·
177 1859 270 1924 Saepins
280 1876 414 1916 occurrens,
424 1859 473 1908 haec
482 1861 564 1908 limina
574 1859 668 1908 tendere
678 1860 771 1926 adegit·

79 1938 82 1943 ’
179 1939 247 1986 Stant
256 1936 435 2003 suleiyrrhcno
445 1939 534 1988 classes.
546 1943 580 1986 Da
590 1937 814 2003 jungendorum,

180 2021 228 2076 Da,
237 2017 327 2080 genitor
335 2035 341 2075 ;
350 2029 419 2080 teque
430 2020 541 2081 amplexu
550 2033 579 2065 ne
588 2016 797 2075 subtrahenostro.

179 2096 217 2145 sic
227 2112 371 2154 memorans,
382 2097 446 2161 largo
454 2095 514 2145 fletu
524 2097 595 2145 simui
602 2115 644 2145 ore
653 2097 750 2162 rigabat.

180 2177 225 2225 Ter
234 2186 332 2222 conatus
342 2175 376 2222 ibi
385 2175 445 2223 coilo
455 2176 510 2224 dare
520 2175 615 2224 brachie
625 2177 727 2236 circium3

181 2253 225 2302 Ter
235 2251 320 2300 smstrb
329 2270 467 2318 comprensa
476 2271 560 2303 manus
571 2255 652 2319 effugit
661 2255 752 2320 imago,

181 2334 224 2380 Per
233 2332 325 2380 letibus
336 2334 425 2392 ventis,
435 2334 573 2398 volucrique
583 2334 800 2382 simillimorum

220 2414 310 2459 Interci
320 2412 384 2459 videt
394 2415 478 2460 AEneas
489 2414 514 2460 in
524 2414 585 2461 valle
594 2412 690 2461 reducti

180 2490 301 2539 Seclusum
312 2506 405 2553 nemus,
416 2504 438 2538 et
449 2492 549 2558 virgulta
559 2491 665 2539 sonantia
675 2490 752 2550 silvis,

181 2565 361 2632 berthariumque,
372 2570 454 2618 domos
463 2571 566 2634 placidas
576 2571 617 2634 qui
626 2555 753 2635 praenotat,¹
762 2583 862 2616 amnem

181 2652 250 2695 Hunc
259 2647 348 2696 circum
359 2649 487 2701 innumere
497 2662 576 2715 gentes
586 2649 716 2714 populique
727 2648 856 2696 volabant:

180 2727 214 2774 Ac
224 2726 298 2774 veluti
308 2727 333 2774 iu
343 2727 425 2791 pratis,
436 2727 478 2783 ubi
488 2745 544 2792 apes
553 2740 632 2777 estate
643 2724 723 2776 sereni

140 2817 142 2821 '
180 2805 290 2853 Floribus
298 2805 405 2854 insidunt
414 2806 497 2865 variis,
506 2819 530 2855 et
538 2807 636 2855 candida
646 2807 736 2854 circum

182 2883 239 2936 Lilia
249 2884 398 2947 funduntur3
408 2886 491 2950 strepit
500 2885 578 2940 omnis
586 2894 707 2961 mupmtue
716 2897 823 2951 tempus:

181 2979 208 3014 r.
225 2978 288 3033 709.
