1974 3772
177 221 234 301 ass
393 249 523 297 sustu
542 249 717 299 virorum

180 351 286 412 Psupers'
296 345 483 412 (mansissetque
492 345 585 395 utinam
593 346 701 395 fortune!
711 347 721 412 )
731 346 919 423 profectuum

179 427 225 476 llic
234 443 285 484 me,
295 424 354 474 diam
363 426 450 491 trepidi
459 427 562 475 crudelia
571 426 653 475 limina
661 427 788 495 linquunt,

180 510 331 554 Immemores
341 505 397 554 socii
407 517 473 554 vasto
483 506 594 572 Cyclopis
604 506 629 553 in
640 518 707 555 antro

179 587 314 634 Deseruere.
327 588 417 633 Domus
426 585 490 633 sanic
500 585 648 650 dapibusque
658 586 760 634 <ruentis

179 662 247 713 lntias
257 680 342 729 opaca,
352 663 434 729 ingens
445 681 451 711 :
462 663 610 728 ipss-arduus
616 701 624 724 ‚
634 665 727 728 altaque
737 665 817 730 pulsst

179 743 258 792 Sidera
269 761 274 789 ε
287 743 296 806 (
305 744 347 800 Di,
357 744 428 791 talem
438 743 504 791 terris
514 744 610 791 avertite
620 745 723 807 pastam!
734 744 743 806 )
797 770 800 777 ·

178 823 226 870 Nec
236 822 290 869 visu
299 813 385 881 facilis,
397 838 440 869 uec
449 821 514 870 dictu
523 821 622 870 affabilis
632 822 682 870 ulli

178 900 314 954 Visceribus
321 901 461 949 miserorum
472 912 495 949 et
504 900 617 967 sauguine
627 902 729 949 vescitur
739 914 798 952 utro.

178 979 234 1033 Vidi
243 991 346 1045 egomet,
356 980 404 1029 duo
415 980 445 1029 de
455 995 554 1028 numero
564 982 620 1028 clun
629 998 727 1047 corpora
736 993 818 1032 nostro
829 976 833 983 ’

836 1034 853 1087 l

138 1078 156 1087 -·
176 1062 264 1108 Pressa
273 1076 347 1108 manu
356 1061 454 1126 magud,
463 1059 543 1109 medio
553 1059 677 1125 resupinus
688 1061 712 1107 iu
722 1073 806 1120 auno,
870 1120 876 1133 Ι

178 1141 306 1205 Frangeret
315 1140 346 1188 ad
354 1156 450 1200 saxum,
460 1141 571 1204 sanieque
582 1156 673 1205 aspersa
683 1151 793 1188 nutarent

168 1220 170 1225 ’
179 1219 271 1267 Limina
282 1237 288 1266 ε
299 1220 362 1279 vidi,
375 1232 425 1268 atro
435 1222 491 1268 cinn
497 1219 603 1267 membra
613 1217 710 1267 fluentia
721 1219 777 1267 tabo
858 1258 903 1309 >⁴¹-

178 1298 312 1356 Mandant,
323 1312 347 1346 et
355 1299 428 1363 tepidi
438 1310 564 1347 tremerent
573 1299 619 1345 sub
629 1297 739 1347 dentibus
749 1310 822 1348 artus.
901 1294 904 1299 ’

178 1377 250 1426 Haud
259 1377 357 1443 impune
366 1378 463 1442 quidem
473 1395 480 1424 t
490 1394 534 1426 nec
544 1378 599 1425 talia
606 1393 688 1442 possus
698 1377 808 1443 Ulysses,
851 1366 889 1415 Γ

177 1457 303 1505 Oblitusve
316 1457 352 1506 sui
363 1469 398 1506 est
406 1455 499 1505 Ithacus
509 1456 642 1504 discrimine
652 1467 724 1504 tanto.

178 1540 199 1584 N
201 1553 239 1584 am
249 1536 320 1584 simul
330 1536 435 1601 expletus
444 1536 558 1601 dapibus,
568 1536 672 1600 vinoque
681 1535 799 1600 sepultus,

148 1610 152 1617 ¹
177 1614 300 1665 Cervicem
309 1615 420 1664 inflexam
429 1617 521 1680 posuit,
532 1612 650 1678 jacuitque
659 1631 702 1679 per
712 1626 809 1665 antuun

178 1699 323 1754 Immensus,
333 1696 423 1744 saniem
432 1707 539 1743 eructans
550 1710 575 1742 ao
586 1691 659 1742 suasus
668 1703 765 1742 cruento

178 1777 223 1821 Per
232 1791 344 1822 somnum
353 1775 481 1824 commixta
490 1791 570 1834 mero3
581 1788 636 1831 nos,
646 1776 733 1837 magna
740 1773 831 1836 precati

179 1853 292 1910 Numina,
303 1855 426 1918 sortitique
435 1856 507 1912 vices,
517 1854 565 1901 una
573 1851 679 1915 undique
689 1851 779 1923 aucum

180 1931 323 1992 Fundimur,
334 1946 357 1980 et
365 1933 411 1981 telo
421 1933 502 1980 lmneu
512 1932 657 1980 terebramus
667 1942 736 1978 acuto

176 2016 277 2076 lugens,
286 2011 352 2076 quod
362 2012 429 2058 torvi
439 2012 516 2059 solum
526 2011 572 2060 sub
581 2008 658 2058 fronte
668 2009 770 2067 latebat,

179 2090 282 2156 Argolici
292 2092 369 2157 clypei
379 2103 421 2139 aut
428 2088 537 2138 Phoebeae
546 2088 660 2155 lampadis
670 2089 744 2136 instar
755 2107 762 2135 ε

178 2173 210 2219 Et
220 2171 315 2218 taudem
325 2171 373 2218 laeti
382 2170 499 2218 sociorum
508 2168 642 2217 ulciscimur
652 2167 757 2216 umbras.

218 2249 264 2296 Sed
275 2249 360 2314 sugite,
369 2252 383 2297 d
392 2249 470 2298 miseri
478 2285 483 2304 ‚
491 2247 578 2315 sugite,
589 2259 659 2308 atque
669 2247 700 2295 ab
707 2247 787 2296 littore
796 2245 883 2296 sunem

179 2328 299 2392 Rumpitc.

179 2409 252 2464 Nam,
262 2407 339 2470 qualis
348 2410 499 2473 quantusque
508 2423 566 2457 cavo
576 2403 736 2473 Polyphemus
747 2406 773 2454 iu
783 2417 854 2454 antro
886 2416 896 2429 ⁸

179 2486 304 2550 Lanigeras
314 2486 403 2534 claudit
411 2487 524 2551 pecudes,
534 2498 604 2550 utque
614 2487 687 2533 ubera
697 2497 799 2551 pressat;

178 2568 282 2614 Centum
292 2565 331 2612 alii
341 2582 413 2614 curva
422 2564 471 2615 ha‘c
481 2565 591 2613 habitant
600 2565 629 2614 ad
638 2566 717 2613 littora
727 2565 801 2630 vulgo

179 2641 273 2693 Insandi
283 2644 411 2711 Cyclopes,
419 2658 442 2693 et
453 2646 504 2693 altis
513 2645 635 2693 montibus
645 2656 730 2693 errant
798 2672 802 2677 ·
874 2669 877 2673 ·

179 2723 257 2772 Tertia
265 2721 314 2787 jam
323 2725 386 2773 lunas
396 2742 420 2773 se
429 2742 517 2773 cornua
526 2726 616 2772 lumine
626 2723 762 2788 complent,

179 2802 242 2851 Cum
251 2805 326 2852 vitam
335 2805 360 2851 in
366 2805 447 2873 silvis,
458 2805 518 2852 inter
528 2803 618 2852 deserta
628 2801 728 2850 ferarum

180 2885 264 2930 Lustra
274 2884 404 2950 domosque
413 2881 491 2941 traho,
502 2895 627 2947 vastosque
637 2882 668 2932 ab
677 2896 737 2947 rupe
745 2879 864 2946 Cyclopas

180 2979 206 3013 V«
224 2962 256 3025 64
263 2981 288 3032 7.
876 2990 880 2997 -
