1974 3772
279 206 284 215 “
349 220 475 271 nanis.
496 224 563 271 tra.
586 225 630 270 x1.
781 234 783 238 >
809 220 862 290 359

85 349 87 357 ·
123 318 274 378 Presidium,
285 319 403 378 Ausonia,
412 332 436 368 et
445 313 564 385 quantum*
573 320 700 386 tuperdis,
711 321 761 369 Iiile
768 322 785 378 l,

164 404 219 446 Haec
229 399 271 447 ubi
281 398 390 458 dellevit,
399 399 451 446 tolli
460 398 591 448 miserabile
599 415 686 464 corpus

124 481 240 542 Imperat;
251 490 275 525 et
283 490 333 526 toto
343 478 414 526 lectos
424 494 453 525 ex
462 479 554 544 agmine
563 479 635 527 mittit

123 557 189 606 Mille
198 557 273 613 viros,
283 557 325 620 qui
338 573 475 621 supremum
484 559 626 606 minitentur
635 556 766 617 honorem,¹

124 635 282 699 Intersintque
291 636 364 699 patris
373 636 483 701 lacrymis
494 655 500 683 :
510 636 591 684 solatia
601 638 690 686 luctlls=

123 715 214 780 Exigua
225 714 334 778 ingentis,
344 715 429 762 misero
439 715 480 763 sed
490 715 568 763 debita
577 716 645 780 patri.

123 793 195 841 Haud
204 803 285 858 segnes
295 794 334 840 alii
344 806 417 842 crates
427 806 450 841 et
459 794 530 843 molle
541 794 650 843 feretrum
746 821 751 828 s

124 871 236 920 Arbuteis
245 884 328 921 texunt
337 873 408 938 virgis
418 885 441 921 et
450 873 538 920 vimine
548 890 653 938 querno,
695 877 696 880 ’

123 954 306 1016 Exstructosque
315 963 378 1000 toros
386 953 485 1001 obtentu
496 950 585 1001 frondis
595 952 740 1003 inumbrant.

124 1031 168 1078 Hic
178 1028 288 1094 juvenem
299 1033 382 1097 agresti
392 1032 518 1080 sublimem
527 1031 637 1080 stramine
647 1044 740 1096 ponunt
750 1049 756 1079 ι

125 1109 227 1172 Qualem
237 1111 340 1175 virgineo
351 1111 484 1158 demessum
493 1111 577 1174 pollice
588 1109 679 1168 florem,

123 1190 170 1237 Seu
179 1188 256 1236 mollis
267 1189 348 1246 violae,
358 1205 399 1236 seu
407 1188 539 1254 languentis
548 1186 685 1253 hyacinthi,

121 1267 168 1316 eui
178 1284 255 1332 neque
265 1268 342 1334 fulgor
350 1266 440 1327 adhuc,
450 1284 493 1316 nec
502 1267 561 1323 ditm
570 1284 612 1314 sua
623 1267 697 1315 forma
707 1267 800 1315 recessit
803 1284 812 1324 ς

123 1350 177 1395 Non
186 1345 233 1409 jam
243 1359 318 1394 mater
327 1347 368 1396 alit
377 1347 459 1405 tellus,
470 1347 578 1412 viresque
587 1348 710 1396 ministrat
860 1334 863 1339 ’

161 1427 224 1472 Tum
234 1426 337 1491 geminas
347 1439 434 1485 vestes,
444 1439 554 1491 ostroque
564 1442 668 1494 auroque
678 1426 793 1489 rigentes,

121 1504 214 1552 Extulit
223 1509 320 1564 AEneas,
329 1522 388 1570 quas
398 1506 432 1553 illi
442 1506 495 1553 laeta
503 1496 614 1554 laborum

122 1587 176 1647 Ipse
187 1583 235 1631 suis
244 1584 365 1650 quondam
375 1584 484 1632 manibus
494 1583 589 1632 Sidonia
601 1583 662 1632 nido

122 1664 231 1720 Fecerat,
241 1675 264 1711 et
274 1663 339 1711 tenui
350 1657 406 1711 telas
415 1663 555 1712 discreverat
565 1679 629 1710 auro.

122 1746 213 1789 Harum
222 1759 295 1790 unam
305 1740 387 1805 juveni
396 1758 534 1807 supremum
543 1754 641 1790 moestus
651 1738 765 1790 honorem

124 1821 216 1880 Induit,
227 1837 364 1884 arsurasque
373 1838 451 1870 comas
461 1821 562 1870 obnubit
573 1823 659 1870 amictu
672 1839 678 1868 ε

122 1901 245 1965 Multaque
254 1904 366 1966 praetered
376 1901 498 1949 Laurentis
507 1901 604 1968 praemia
613 1915 712 1965 pugnae·

123 1958 236 2044 Aggerat,
247 1992 269 2029 et
279 1981 350 2045 longo
360 1981 464 2045 predam
473 1979 630 2049 jubetordine
641 1980 704 2028 ducit

122 2057 197 2106 Addit
207 2072 312 2130 equoset
321 2060 380 2118 tela,
389 2060 477 2124 quibus
487 2060 627 2125 spoliaverat
636 2057 736 2108 boetem.

123 2138 235 2188 Vinxerat
245 2150 268 2185 et
278 2151 331 2204 post
341 2152 510 2203 tergeminus,
520 2155 580 2202 quos
589 2139 692 2186 mitteret
701 2135 792 2186 umbris

124 2214 232 2273 Inferias,
243 2233 301 2264 caeso
312 2233 432 2280 sparsuros
442 2218 554 2280 sanguine
564 2216 698 2275 flammam,

123 2295 268 2357 Indutosque
279 2292 345 2356 jubet
356 2305 450 2341 truncos
460 2292 585 2340 hostilibus
595 2295 664 2340 armis

124 2379 190 2438 Ipsos
201 2372 259 2420 serre
269 2372 352 2430 duces,
363 2372 503 2436 inimicaque
513 2373 609 2419 nomina
618 2368 664 2437 figi.

125 2451 224 2500 Ducitur
234 2450 317 2513 infelin
324 2467 375 2500 aevo
385 2449 504 2499 consectus
514 2454 615 2508 Acoetes,

124 2533 219 2579 Pectora
229 2547 293 2579 nunc
306 2529 397 2580 loedans
407 2531 505 2596 pugnis,
516 2546 579 2578 nunc
589 2528 709 2594 unguibus
719 2544 759 2576 ora
770 2547 776 2575 ε

124 2611 240 2658 Sternitur
250 2622 273 2658 et
283 2621 332 2658 toto
342 2608 460 2674 proiectus
468 2618 566 2673 corpore
576 2620 649 2657 terrea.
725 2656 739 2665 ,,
811 2655 822 2669 J

125 2692 221 2736 Ducunt
230 2700 253 2736 et
263 2689 352 2736 Rutulo
362 2688 468 2752 perfusos
478 2690 590 2752 sanguine
600 2704 689 2736 currus·

124 2769 180 2815 Ptst
189 2767 288 2816 bellator
298 2783 383 2832 equus,
393 2767 474 2832 positis
483 2767 626 2833 insignibus,
637 2763 724 2813 AEthon

125 2850 147 2894 lt
156 2846 299 2912 lacrymans,
309 2842 427 2912 guttisque
435 2843 555 2895 humectat
565 2845 692 2912 grandibus
702 2857 750 2891 ort.

127 2943 152 2978 r.
167 2943 211 2992 9u
680 2925 715 2974 30
747 2926 751 2934 '
