1974 3772
143 279 197 329 eso
353 252 486 323 susan
505 278 678 327 vmemu

182 376 292 442 luppiter
301 371 352 424 haee
361 374 448 439 paucis.
459 374 491 422 At
500 390 549 422 aon
560 377 642 425 venus
650 391 723 425 sures
731 374 821 429 mund

142 459 219 504 Pauca
229 454 299 503 refert
310 475 315 502 :

141 539 165 584 0
175 539 255 592 Pater,
265 531 413 581 dissimilium
423 533 559 597 Divsunque
568 545 653 581 aetema
662 549 785 597 potestas,

143 615 264 679 (Namque
275 613 338 659 aliud
349 612 408 676 quid
417 612 448 661 sit
460 610 584 676 quodiam
592 612 718 676 implorare
728 605 867 679 qtieemus?

142 693 224 742 Cernis
234 704 261 739 ut
271 691 386 739 insultent
397 693 492 747 Rutuli,
502 695 644 754 ‘stemusque
653 690 744 742 smmi·
839 732 842 737 .

141 774 186 819 Per
195 770 285 819 medios
295 769 392 834 insignia
402 771 481 834 equis,
491 770 643 835 tumidusque
653 772 760 821 seeundo

141 853 216 899 Marte
226 861 279 897 ruat
290 867 296 896 z
306 865 355 896 nou
365 849 442 896 clausa
452 860 535 911 tegunt
544 847 592 912 jam
601 849 688 897 moenia
696 854 720 897 T
719 867 820 912 eueras;

143 930 210 994 Quin
220 929 280 975 intra
290 939 369 992 portas
379 932 450 992 at'que
459 928 516 992 ipsis
525 927 605 991 praelia
614 927 713 977 miaeent

142 1007 273 1073 Aggeribus
283 1023 419 1065 murorum,
429 1018 453 1054 et
462 1006 580 1055 inundant
588 1007 700 1071 sanguine
710 1006 788 1057 fossat.

141 1090 228 1135 AEneas
237 1086 332 1152 ignatus
342 1086 413 1135 abest
424 1087 583 1151 Nunquimne
592 1086 666 1133 levari

141 1165 271 1215 Obsidione
282 1164 360 1214 sines?
371 1165 445 1214 muris
454 1165 541 1213 iterum
550 1164 658 1213 hemines
666 1161 743 1215 hasta

142 1245 263 1294 Nascentis
271 1243 361 1308 Trojae;
372 1261 415 1292 nec
425 1261 473 1292 non
483 1244 598 1293 exereitus
606 1244 677 1301 alter,

142 1324 222 1389 Atque
232 1325 319 1372 iterum
328 1324 353 1371 in
362 1327 464 1370 Teucros
474 1322 557 1371 AEtolis
566 1322 641 1386 surgit
647 1321 680 1369 ab
689 1323 762 1388 Arpis

88 1444 92 1449 .
141 1402 252 1470 Tydides.
264 1401 393 1466 Equidem,
403 1402 485 1459 eredo,
495 1417 547 1449 mea
558 1402 655 1449 vulnera
663 1411 770 1474 testttst3⁴

141 1485 172 1529 Et
182 1493 223 1529 tua
233 1480 356 1545 progenies
366 1481 473 1529 mortalia
482 1480 591 1529 demiror
600 1494 672 1529 mma.

142 1559 166 1609 Si
176 1560 226 1607 sine
236 1575 293 1624 paea
303 1563 344 1608 tud
354 1573 424 1624 etque
434 1559 509 1608 invito
519 1559 616 1608 numius
625 1564 699 1609 Troes

143 1639 233 1686 ltaliam
243 1639 344 1704 petiere;
354 1640 423 1687 luant
431 1651 537 1704 peccatu,
547 1651 624 1705 neque
634 1638 688 1687 illas

142 1718 235 1768 Juveris
244 1718 336 1766 auxilie.
348 1720 389 1767 Sin
398 1728 435 1766 tot
443 1733 554 1782 responsa
565 1706 652 1776 sedati,
695 1713 699 1719 '

143 1802 204 1861 Quae
213 1799 298 1862 Superi
307 1794 434 1862 Manesque
444 1797 546 1858 dabant;
556 1813 599 1846 eur
608 1811 673 1845 nune
683 1806 724 1845 tim
733 1798 858 1865 quisquam

142 1880 239 1928 Vertere
249 1875 312 1939 jussa
321 1875 416 1941 potest?
427 1889 468 1926 aut
477 1893 519 1924 eur
528 1889 590 1924 nova
599 1875 776 1926 nosemiata?

143 1954 209 2016 Quid
219 1967 323 2020 repetam
334 1959 426 2003 exustas
434 1957 538 2022 Erycino
548 1956 574 2004 in
583 1954 662 2010 littam
670 1952 773 2005 claun?
831 1957 835 1965 “

144 2033 209 2097 Quid
219 2045 386 2097 tempestatum
395 2037 483 2099 Regem
492 2047 622 2099 ventosque
631 2035 736 2084 seientes

142 2112 218 2159 AEolit
228 2112 325 2169 excitos,
336 2124 378 2160 aut
387 2125 462 2160 actam
473 2115 578 2163 nubibus
588 2112 663 2162 irim?

142 2194 210 2240 Nunc
221 2191 292 2239 etiam
301 2194 382 2239 Manes
393 2190 456 2256 (haec
464 2193 578 2241 intentata
588 2192 699 2239 manebat

141 2272 197 2322 sors
207 2271 300 2336 rerum)
308 2283 401 2332 movet,
411 2283 435 2320 et
444 2272 534 2338 superis
543 2271 646 2319 immissa
655 2278 753 2336 repente
766 2322 769 2327 ⁴

140 2349 237 2407 Metto,
247 2351 336 2398 madias
345 2351 431 2399 Italum
440 2349 552 2399 bacchata
560 2366 604 2415 per
612 2349 691 2398 urbes.

182 2429 221 2477 Nil
230 2445 301 2493 super
310 2430 409 2494 imperio
419 2446 516 2478 moveor
526 2447 532 2475 ι
542 2430 688 2494 speravimus
697 2429 756 2488 ista,

143 2509 207 2556 Dine
217 2507 311 2556 foetum
321 2508 381 2557 fuit:
392 2509 502 2567 vineant,
511 2525 571 2572 quos
581 2509 674 2557 vincere
680 2508 764 2557 mavis.

141 2586 166 2637 Si
177 2588 241 2635 nuile
250 2600 285 2637 est
293 2588 357 2653 regia
367 2589 462 2637 Teucris
469 2604 541 2651 quam
551 2588 590 2635 det
600 2599 641 2636 tua
649 2584 740 2650 conjux

143 2670 206 2715 Dura
217 2685 223 2713 ι
234 2682 277 2732 per
286 2682 384 2725 eseiae,
394 2668 494 2732 genitor,
504 2666 619 2715 fumantia
627 2663 706 2730 'I'rajae

142 2745 241 2794 Excidia
250 2746 368 2801 obtestor,
377 2747 445 2797 limat
454 2746 571 2794 dimittere
581 2745 612 2793 ab
621 2744 692 2793 samia

142 2825 289 2874 Incolumem
297 2824 439 2883 Ascanium,
449 2825 517 2873 iiceat
526 2840 646 2888 superesse
655 2830 775 2891 nepotem.

142 2905 226 2954 AEneas
236 2907 292 2954 sane
302 2905 386 2971 ignatis
395 2902 494 2969 jactetur
503 2904 529 2953 in
537 2904 620 2963 undis,
699 2921 703 2929 ·

144 2999 168 3033 v.
188 2984 230 3045 48.
