<?xml version="1.0" encoding="UTF-8"?>
<!DOCTYPE html PUBLIC "-//W3C//DTD XHTML 1.0 Transitional//EN"
    "http://www.w3.org/TR/xhtml1/DTD/xhtml1-transitional.dtd">
<html xmlns="http://www.w3.org/1999/xhtml" xml:lang="en" lang="en">
 <head>
  <title>
</title>
<meta http-equiv="Content-Type" content="text/html;charset=utf-8" />
  <meta name='ocr-system' content='tesseract 3.04.00' />
  <meta name='ocr-capabilities' content='ocr_page ocr_carea ocr_par ocr_line ocrx_word'/>
</head>
<body>
  <div class='ocr_page' id='page_1' title='image "./bucolicageorgic01virggoog/bucolicageorgic01virggoog_0106.png"; bbox 0 0 1974 3772; ppageno 0'>
   <div class='ocr_carea' id='block_1_1' title="bbox 215 208 799 286">
    <p class='ocr_par' dir='ltr' id='par_1_1' title="bbox 215 208 799 286">
     <span class='ocr_line' id='line_1_1' title="bbox 215 208 799 286; baseline 0.012 -9"><span class='ocrx_word' id='word_1_1' title='bbox 215 216 218 227; x_wconf 96' lang='grc'>’</span> <span class='ocrx_word' id='word_1_2' title='bbox 290 208 429 280; x_wconf 62' lang='lat' dir='ltr'><strong>iuums.</strong></span> <span class='ocrx_word' id='word_1_3' title='bbox 450 234 517 280; x_wconf 77' lang='lat' dir='ltr'><strong>nna.</strong></span> <span class='ocrx_word' id='word_1_4' title='bbox 537 235 556 282; x_wconf 87' lang='lat'><strong>1.</strong></span> <span class='ocrx_word' id='word_1_5' title='bbox 751 237 799 286; x_wconf 76' lang='lat' dir='ltr'><strong>ua</strong></span> 
     </span>
    </p>
   </div>
   <div class='ocr_carea' id='block_1_2' title="bbox 14 327 974 3017">
    <p class='ocr_par' dir='ltr' id='par_1_2' title="bbox 14 327 974 3017">
     <span class='ocr_line' id='line_1_2' title="bbox 57 327 641 418; baseline 0 -38"><span class='ocrx_word' id='word_1_6' title='bbox 57 327 287 418; x_wconf 45' lang='lat' dir='ltr'><strong>Antl4diem6deuqo</strong></span> <span class='ocrx_word' id='word_1_7' title='bbox 297 341 422 394; x_wconf 78' lang='lat' dir='ltr'><strong>componet</strong></span> <span class='ocrx_word' id='word_1_8' title='bbox 430 333 520 395; x_wconf 83' lang='lat' dir='ltr'><strong>Vesper</strong></span> <span class='ocrx_word' id='word_1_9' title='bbox 528 331 641 396; x_wconf 80' lang='lat' dir='ltr'><strong>Olympo.</strong></span> 
     </span>
     <span class='ocr_line' id='line_1_3' title="bbox 98 408 672 479; baseline 0.007 -23"><span class='ocrx_word' id='word_1_10' title='bbox 98 413 147 457; x_wconf 87' lang='lat' dir='ltr'><strong>Nos</strong></span> <span class='ocrx_word' id='word_1_11' title='bbox 156 410 228 471; x_wconf 73' lang='lat' dir='ltr'><strong>&#39;1⁸1on</strong></span> <span class='ocrx_word' id='word_1_12' title='bbox 237 408 334 473; x_wconf 73' lang='lat' dir='ltr'><strong>aedqut</strong></span> <span class='ocrx_word' id='word_1_13' title='bbox 343 409 377 474; x_wconf 89' lang='lat' dir='ltr'><strong>(si</strong></span> <span class='ocrx_word' id='word_1_14' title='bbox 387 421 474 458; x_wconf 86' lang='lat' dir='ltr'><strong>vestras</strong></span> <span class='ocrx_word' id='word_1_15' title='bbox 484 410 544 479; x_wconf 58' lang='lat' dir='ltr'><strong>{otte</strong></span> <span class='ocrx_word' id='word_1_16' title='bbox 552 427 595 475; x_wconf 75' lang='lat' dir='ltr'><strong>per</strong></span> <span class='ocrx_word' id='word_1_17' title='bbox 605 427 672 460; x_wconf 85' lang='lat' dir='ltr'><strong>aures</strong></span> 
     </span>
     <span class='ocr_line' id='line_1_4' title="bbox 55 474 627 554; baseline 0.002 -16"><span class='ocrx_word' id='word_1_18' title='bbox 55 486 135 551; x_wconf 82' lang='lat' dir='ltr'><strong>Trojae</strong></span> <span class='ocrx_word' id='word_1_19' title='bbox 145 504 232 536; x_wconf 88' lang='lat' dir='ltr'><strong>nomen</strong></span> <span class='ocrx_word' id='word_1_20' title='bbox 243 487 283 551; x_wconf 83' lang='lat' dir='ltr'><strong>iit)</strong></span> <span class='ocrx_word' id='word_1_21' title='bbox 294 474 385 536; x_wconf 67' lang='lat' dir='ltr'><strong>diuersa</strong></span> <span class='ocrx_word' id='word_1_22' title='bbox 394 504 436 553; x_wconf 86' lang='lat' dir='ltr'><strong>per</strong></span> <span class='ocrx_word' id='word_1_23' title='bbox 446 498 539 554; x_wconf 82' lang='lat' dir='ltr'><strong>aequora</strong></span> <span class='ocrx_word' id='word_1_24' title='bbox 548 498 627 539; x_wconf 85' lang='lat' dir='ltr'><strong>ve&#39;otos</strong></span> 
     </span>
     <span class='ocr_line' id='line_1_5' title="bbox 57 544 587 633; baseline -0.002 -15"><span class='ocrx_word' id='word_1_25' title='bbox 57 545 183 618; x_wconf 56' lang='lat' dir='ltr'><strong>Fondsut</strong></span> <span class='ocrx_word' id='word_1_26' title='bbox 192 562 288 632; x_wconf 85' lang='lat' dir='ltr'><strong>Lib&#39;y&#39;cis</strong></span> <span class='ocrx_word' id='word_1_27' title='bbox 298 556 422 632; x_wconf 78' lang='lat' dir='ltr'><strong>tempestas</strong></span> <span class='ocrx_word' id='word_1_28' title='bbox 433 566 525 633; x_wconf 86' lang='lat' dir='ltr'><strong>appulit</strong></span> <span class='ocrx_word' id='word_1_29' title='bbox 534 544 587 617; x_wconf 72' lang='lat' dir='ltr'><strong>olla.</strong></span> 
     </span>
     <span class='ocr_line' id='line_1_6' title="bbox 96 645 691 713; baseline 0.003 -17"><span class='ocrx_word' id='word_1_30' title='bbox 96 649 158 696; x_wconf 91' lang='lat' dir='ltr'><strong>Sum</strong></span> <span class='ocrx_word' id='word_1_31' title='bbox 167 646 221 711; x_wconf 89' lang='lat' dir='ltr'><strong>pius</strong></span> <span class='ocrx_word' id='word_1_32' title='bbox 230 650 327 705; x_wconf 84' lang='lat' dir='ltr'><strong>AEueas,</strong></span> <span class='ocrx_word' id='word_1_33' title='bbox 338 656 416 710; x_wconf 85' lang='lat' dir='ltr'><strong>raptos</strong></span> <span class='ocrx_word' id='word_1_34' title='bbox 429 647 471 710; x_wconf 92' lang='lat' dir='ltr'><strong>qui</strong></span> <span class='ocrx_word' id='word_1_35' title='bbox 479 663 508 713; x_wconf 74' lang='lat' dir='ltr'><strong>ex</strong></span> <span class='ocrx_word' id='word_1_36' title='bbox 518 645 584 697; x_wconf 84' lang='lat' dir='ltr'><strong>hoste</strong></span> <span class='ocrx_word' id='word_1_37' title='bbox 593 648 691 698; x_wconf 82' lang='lat' dir='ltr'><strong>Penates</strong></span> 
     </span>
     <span class='ocr_line' id='line_1_7' title="bbox 55 710 655 790; baseline 0 -14"><span class='ocrx_word' id='word_1_38' title='bbox 55 727 138 776; x_wconf 79' lang='lat' dir='ltr'><strong>Classe</strong></span> <span class='ocrx_word' id='word_1_39' title='bbox 147 723 209 773; x_wconf 84' lang='lat' dir='ltr'><strong>veho</strong></span> <span class='ocrx_word' id='word_1_40' title='bbox 218 736 324 783; x_wconf 78' lang='lat' dir='ltr'><strong>mecum,</strong></span> <span class='ocrx_word' id='word_1_41' title='bbox 335 721 397 774; x_wconf 70' lang='lat' dir='ltr'><strong>famu</strong></span> <span class='ocrx_word' id='word_1_42' title='bbox 405 741 476 790; x_wconf 88' lang='lat' dir='ltr'><strong>super</strong></span> <span class='ocrx_word' id='word_1_43' title='bbox 482 710 568 775; x_wconf 75' lang='lat' dir='ltr'><strong>elhera</strong></span> <span class='ocrx_word' id='word_1_44' title='bbox 579 739 655 776; x_wconf 89' lang='lat' dir='ltr'><strong>notus.</strong></span> 
     </span>
     <span class='ocr_line' id='line_1_8' title="bbox 57 794 974 874; baseline 0.003 -21"><span class='ocrx_word' id='word_1_45' title='bbox 57 807 151 868; x_wconf 82' lang='lat' dir='ltr'><strong>lteliorp</strong></span> <span class='ocrx_word' id='word_1_46' title='bbox 160 820 241 869; x_wconf 75' lang='lat' dir='ltr'><strong>quaero</strong></span> <span class='ocrx_word' id='word_1_47' title='bbox 251 804 364 869; x_wconf 84' lang='lat' dir='ltr'><strong>petriam,</strong></span> <span class='ocrx_word' id='word_1_48' title='bbox 375 796 398 852; x_wconf 81' lang='lat' dir='ltr'><strong>et</strong></span> <span class='ocrx_word' id='word_1_49' title='bbox 407 794 519 869; x_wconf 61' lang='lat' dir='ltr'><strong>genus&#39;ab</strong></span> <span class='ocrx_word' id='word_1_50' title='bbox 528 809 588 853; x_wconf 83' lang='lat' dir='ltr'>Jove</span> <span class='ocrx_word' id='word_1_51' title='bbox 598 822 699 856; x_wconf 89' lang='lat' dir='ltr'><strong>summo.</strong></span> <span class='ocrx_word' id='word_1_52' title='bbox 808 860 812 867; x_wconf 87' lang='lat'><em>.</em></span> <span class='ocrx_word' id='word_1_53' title='bbox 900 836 911 867; x_wconf 38' lang='grc' dir='ltr'><strong>ᾖ.</strong></span> <span class='ocrx_word' id='word_1_54' title='bbox 969 838 974 874; x_wconf 82' lang='lat' dir='ltr'><strong>t</strong></span> 
     </span>
     <span class='ocr_line' id='line_1_9' title="bbox 56 881 773 950; baseline -0.001 -16"><span class='ocrx_word' id='word_1_55' title='bbox 56 885 97 934; x_wconf 83' lang='lat' dir='ltr'><strong>Bis</strong></span> <span class='ocrx_word' id='word_1_56' title='bbox 107 884 174 933; x_wconf 89' lang='lat' dir='ltr'><strong>denis</strong></span> <span class='ocrx_word' id='word_1_57' title='bbox 184 881 315 950; x_wconf 81' lang='lat' dir='ltr'><strong>Phrygium</strong></span> <span class='ocrx_word' id='word_1_58' title='bbox 325 883 449 948; x_wconf 67' lang='lat' dir='ltr'><strong>Qtpendi</strong></span> <span class='ocrx_word' id='word_1_59' title='bbox 459 884 560 932; x_wconf 83' lang='lat' dir='ltr'><strong>navibus</strong></span> <span class='ocrx_word' id='word_1_60' title='bbox 569 900 662 950; x_wconf 75' lang='lat' dir='ltr'><strong>sequor,</strong></span> <span class='ocrx_word' id='word_1_61' title='bbox 770 891 773 896; x_wconf 85' lang='lat'>&#39;</span> 
     </span>
     <span class='ocr_line' id='line_1_10' title="bbox 52 963 661 1024; baseline 0 -12"><span class='ocrx_word' id='word_1_62' title='bbox 52 967 132 1021; x_wconf 72' lang='lat' dir='ltr'><strong>Matre</strong></span> <span class='ocrx_word' id='word_1_63' title='bbox 143 965 193 1011; x_wconf 78' lang='lat' dir='ltr'><strong>Del</strong></span> <span class='ocrx_word' id='word_1_64' title='bbox 202 975 347 1011; x_wconf 78' lang='lat' dir='ltr'><strong>monstrante</strong></span> <span class='ocrx_word' id='word_1_65' title='bbox 354 964 427 1022; x_wconf 68' lang='lat' dir='ltr'><strong>mam,</strong></span> <span class='ocrx_word' id='word_1_66' title='bbox 437 963 490 1010; x_wconf 88' lang='lat' dir='ltr'><strong>data</strong></span> <span class='ocrx_word' id='word_1_67' title='bbox 500 964 548 1012; x_wconf 84' lang='lat' dir='ltr'><strong>sata</strong></span> <span class='ocrx_word' id='word_1_68' title='bbox 557 976 661 1024; x_wconf 61' lang='lat' dir='ltr'><strong>secutum</strong></span> 
     </span>
     <span class='ocr_line' id='line_1_11' title="bbox 55 1041 679 1109; baseline -0.003 -14"><span class='ocrx_word' id='word_1_69' title='bbox 55 1043 106 1095; x_wconf 69' lang='lat' dir='ltr'><strong>vix</strong></span> <span class='ocrx_word' id='word_1_70' title='bbox 114 1053 206 1107; x_wconf 84' lang='lat' dir='ltr'><strong>septem</strong></span> <span class='ocrx_word' id='word_1_71' title='bbox 215 1042 335 1091; x_wconf 78' lang='lat' dir='ltr'><strong>convulsae</strong></span> <span class='ocrx_word' id='word_1_72' title='bbox 344 1041 415 1090; x_wconf 88' lang='lat' dir='ltr'><strong>undis</strong></span> <span class='ocrx_word' id='word_1_73' title='bbox 425 1046 536 1106; x_wconf 85' lang='lat' dir='ltr'><strong>Euroque</strong></span> <span class='ocrx_word' id='word_1_74' title='bbox 546 1054 679 1109; x_wconf 82' lang='lat' dir='ltr'><strong>supersunt</strong></span> 
     </span>
     <span class='ocr_line' id='line_1_12' title="bbox 57 1120 630 1188; baseline 0.002 -19"><span class='ocrx_word' id='word_1_75' title='bbox 57 1126 110 1187; x_wconf 86' lang='lat' dir='ltr'><strong>lpse</strong></span> <span class='ocrx_word' id='word_1_76' title='bbox 121 1123 230 1188; x_wconf 83' lang='lat' dir='ltr'><strong>ignotus,</strong></span> <span class='ocrx_word' id='word_1_77' title='bbox 241 1137 309 1187; x_wconf 89' lang='lat' dir='ltr'><strong>egens</strong></span> <span class='ocrx_word' id='word_1_78' title='bbox 315 1157 322 1180; x_wconf 92' lang='lat'>‚</span> <span class='ocrx_word' id='word_1_79' title='bbox 333 1120 414 1186; x_wconf 75' lang='lat' dir='ltr'><strong>Libye</strong></span> <span class='ocrx_word' id='word_1_80' title='bbox 423 1120 512 1169; x_wconf 87' lang='lat' dir='ltr'><strong>deserta</strong></span> <span class='ocrx_word' id='word_1_81' title='bbox 522 1137 630 1186; x_wconf 79' lang='lat' dir='ltr'><strong>peragro,</strong></span> 
     </span>
     <span class='ocr_line' id='line_1_13' title="bbox 58 1199 681 1265; baseline 0 -17"><span class='ocrx_word' id='word_1_82' title='bbox 58 1203 155 1264; x_wconf 73' lang='lat' dir='ltr'><strong>Europi</strong></span> <span class='ocrx_word' id='word_1_83' title='bbox 165 1212 236 1264; x_wconf 89' lang='lat' dir='ltr'><strong>atque</strong></span> <span class='ocrx_word' id='word_1_84' title='bbox 244 1199 300 1248; x_wconf 77' lang='lat' dir='ltr'><strong>Asia</strong></span> <span class='ocrx_word' id='word_1_85' title='bbox 309 1199 399 1264; x_wconf 89' lang='lat' dir='ltr'><strong>pulsus.</strong></span> <span class='ocrx_word' id='word_1_86' title='bbox 410 1203 457 1247; x_wconf 83' lang='lat' dir='ltr'><strong>Nec</strong></span> <span class='ocrx_word' id='word_1_87' title='bbox 466 1199 535 1265; x_wconf 81' lang='lat' dir='ltr'><strong>plura</strong></span> <span class='ocrx_word' id='word_1_88' title='bbox 545 1212 681 1263; x_wconf 81' lang='lat' dir='ltr'><strong>querentem</strong></span> 
     </span>
     <span class='ocr_line' id='line_1_14' title="bbox 57 1275 632 1337; baseline -0.005 -8"><span class='ocrx_word' id='word_1_89' title='bbox 57 1283 127 1329; x_wconf 80' lang='lat' dir='ltr'><strong>Passa</strong></span> <span class='ocrx_word' id='word_1_90' title='bbox 137 1283 233 1337; x_wconf 87' lang='lat' dir='ltr'><strong>Venus,</strong></span> <span class='ocrx_word' id='word_1_91' title='bbox 242 1279 321 1328; x_wconf 90' lang='lat' dir='ltr'><strong>medio</strong></span> <span class='ocrx_word' id='word_1_92' title='bbox 330 1279 363 1327; x_wconf 88' lang='lat' dir='ltr'><strong>sic</strong></span> <span class='ocrx_word' id='word_1_93' title='bbox 372 1275 479 1326; x_wconf 82' lang='lat' dir='ltr'><strong>interfata</strong></span> <span class='ocrx_word' id='word_1_94' title='bbox 491 1277 570 1327; x_wconf 92' lang='lat' dir='ltr'><strong>dolore</strong></span> <span class='ocrx_word' id='word_1_95' title='bbox 581 1290 615 1328; x_wconf 90' lang='lat' dir='ltr'><strong>est</strong></span> <span class='ocrx_word' id='word_1_96' title='bbox 625 1297 632 1326; x_wconf 71' lang='grc' dir='ltr'><strong>ε</strong></span> 
     </span>
     <span class='ocr_line' id='line_1_15' title="bbox 33 1355 756 1423; baseline 0.001 -17"><span class='ocrx_word' id='word_1_97' title='bbox 33 1378 36 1383; x_wconf 58' lang='grc'><strong><em>’</em></strong></span> <span class='ocrx_word' id='word_1_98' title='bbox 58 1358 174 1423; x_wconf 81' lang='lat' dir='ltr'><strong>Quisquis</strong></span> <span class='ocrx_word' id='word_1_99' title='bbox 185 1374 221 1418; x_wconf 87' lang='lat' dir='ltr'><strong>es,</strong></span> <span class='ocrx_word' id='word_1_100' title='bbox 231 1355 308 1415; x_wconf 86' lang='lat' dir='ltr'><strong>haud,</strong></span> <span class='ocrx_word' id='word_1_101' title='bbox 319 1357 401 1416; x_wconf 84' lang='lat' dir='ltr'><strong>credo,</strong></span> <span class='ocrx_word' id='word_1_102' title='bbox 411 1358 500 1406; x_wconf 87' lang='lat' dir='ltr'><strong>invisus</strong></span> <span class='ocrx_word' id='word_1_103' title='bbox 510 1357 642 1407; x_wconf 81' lang='lat' dir='ltr'><strong>uoelestibus</strong></span> <span class='ocrx_word' id='word_1_104' title='bbox 653 1374 720 1408; x_wconf 82' lang='lat' dir='ltr'><strong>auras</strong></span> <span class='ocrx_word' id='word_1_105' title='bbox 754 1412 756 1416; x_wconf 58' lang='grc'>,</span> 
     </span>
     <span class='ocr_line' id='line_1_16' title="bbox 56 1425 812 1503; baseline 0.003 -19"><span class='ocrx_word' id='word_1_106' title='bbox 56 1438 147 1490; x_wconf 83' lang='lat' dir='ltr'><strong>Vitales</strong></span> <span class='ocrx_word' id='word_1_107' title='bbox 157 1436 401 1503; x_wconf 81' lang='lat' dir='ltr'><strong>carpis,Tyriamqui</strong></span> <span class='ocrx_word' id='word_1_108' title='bbox 412 1437 532 1485; x_wconf 86' lang='lat' dir='ltr'><strong>adveneris</strong></span> <span class='ocrx_word' id='word_1_109' title='bbox 540 1438 631 1486; x_wconf 82' lang='lat' dir='ltr'><strong>urbem</strong></span> <span class='ocrx_word' id='word_1_110' title='bbox 811 1425 812 1428; x_wconf 8' lang='grc' dir='ltr'><strong>Ἰ</strong></span> 
     </span>
     <span class='ocr_line' id='line_1_17' title="bbox 57 1502 733 1582; baseline 0 -18"><span class='ocrx_word' id='word_1_111' title='bbox 57 1520 129 1582; x_wconf 81' lang='lat' dir='ltr'><strong>Perge</strong></span> <span class='ocrx_word' id='word_1_112' title='bbox 140 1515 225 1574; x_wconf 73' lang='lat' dir='ltr'><strong>modo,</strong></span> <span class='ocrx_word' id='word_1_113' title='bbox 236 1527 306 1580; x_wconf 87' lang='lat' dir='ltr'><strong>atque</strong></span> <span class='ocrx_word' id='word_1_114' title='bbox 317 1513 372 1563; x_wconf 91' lang='lat' dir='ltr'><strong>hinc</strong></span> <span class='ocrx_word' id='word_1_115' title='bbox 382 1527 404 1565; x_wconf 87' lang='lat' dir='ltr'><strong>te</strong></span> <span class='ocrx_word' id='word_1_116' title='bbox 415 1516 510 1582; x_wconf 77' lang='lat' dir='ltr'><strong>Reginae</strong></span> <span class='ocrx_word' id='word_1_117' title='bbox 519 1515 549 1563; x_wconf 88' lang='lat' dir='ltr'><strong>ad</strong></span> <span class='ocrx_word' id='word_1_118' title='bbox 558 1502 640 1564; x_wconf 77' lang='lat' dir='ltr'><strong>limina</strong></span> <span class='ocrx_word' id='word_1_119' title='bbox 649 1515 733 1581; x_wconf 79' lang='lat' dir='ltr'><strong>persea.</strong></span> 
     </span>
     <span class='ocr_line' id='line_1_18' title="bbox 57 1594 664 1660; baseline -0.002 -16"><span class='ocrx_word' id='word_1_120' title='bbox 57 1600 166 1660; x_wconf 80' lang='lat' dir='ltr'><strong>Namque</strong></span> <span class='ocrx_word' id='word_1_121' title='bbox 175 1595 219 1643; x_wconf 85' lang='lat' dir='ltr'><strong>tibi</strong></span> <span class='ocrx_word' id='word_1_122' title='bbox 227 1595 323 1643; x_wconf 87' lang='lat' dir='ltr'><strong>reduces</strong></span> <span class='ocrx_word' id='word_1_123' title='bbox 331 1594 405 1644; x_wconf 86' lang='lat' dir='ltr'><strong>socios</strong></span> <span class='ocrx_word' id='word_1_124' title='bbox 415 1595 558 1658; x_wconf 85' lang='lat' dir='ltr'><strong>classemque</strong></span> <span class='ocrx_word' id='word_1_125' title='bbox 567 1595 664 1643; x_wconf 85' lang='lat' dir='ltr'><strong>relatam</strong></span> 
     </span>
     <span class='ocr_line' id='line_1_19' title="bbox 56 1673 671 1741; baseline 0 -19"><span class='ocrx_word' id='word_1_126' title='bbox 56 1675 164 1732; x_wconf 79' lang='lat' dir='ltr'><strong>Nuncio,</strong></span> <span class='ocrx_word' id='word_1_127' title='bbox 174 1686 198 1723; x_wconf 89' lang='lat' dir='ltr'><strong>et</strong></span> <span class='ocrx_word' id='word_1_128' title='bbox 208 1675 233 1722; x_wconf 91' lang='lat' dir='ltr'><strong>iu</strong></span> <span class='ocrx_word' id='word_1_129' title='bbox 243 1685 322 1723; x_wconf 89' lang='lat' dir='ltr'><strong>tutum</strong></span> <span class='ocrx_word' id='word_1_130' title='bbox 332 1674 404 1722; x_wconf 88' lang='lat' dir='ltr'><strong>versis</strong></span> <span class='ocrx_word' id='word_1_131' title='bbox 413 1673 572 1741; x_wconf 79' lang='lat' dir='ltr'><strong>Aquilonibus</strong></span> <span class='ocrx_word' id='word_1_132' title='bbox 582 1686 671 1735; x_wconf 57' lang='lat' dir='ltr'><strong>actam</strong></span> 
     </span>
     <span class='ocr_line' id='line_1_20' title="bbox 14 1738 758 1823; baseline -0.001 -21"><span class='ocrx_word' id='word_1_133' title='bbox 14 1762 20 1815; x_wconf 63' lang='grc' dir='ltr'><em>ζ</em></span> <span class='ocrx_word' id='word_1_134' title='bbox 57 1755 87 1802; x_wconf 78' lang='lat' dir='ltr'><strong>n&#39;i</strong></span> <span class='ocrx_word' id='word_1_135' title='bbox 97 1751 185 1801; x_wconf 71' lang='lat' dir='ltr'><strong>frustm</strong></span> <span class='ocrx_word' id='word_1_136' title='bbox 194 1754 320 1820; x_wconf 82' lang='lat' dir='ltr'><strong>augurium</strong></span> <span class='ocrx_word' id='word_1_137' title='bbox 329 1754 384 1801; x_wconf 84' lang='lat' dir='ltr'><strong>vani</strong></span> <span class='ocrx_word' id='word_1_138' title='bbox 394 1738 494 1802; x_wconf 55' lang='lat' dir='ltr'><strong>docude</strong></span> <span class='ocrx_word' id='word_1_139' title='bbox 506 1765 620 1817; x_wconf 85' lang='lat' dir='ltr'><strong>parentes.</strong></span> <span class='ocrx_word' id='word_1_140' title='bbox 673 1750 678 1823; x_wconf 47' lang='lat' dir='ltr'><strong><em>J</em></strong></span> <span class='ocrx_word' id='word_1_141' title='bbox 754 1772 758 1779; x_wconf 86' lang='lat'>·</span> 
     </span>
     <span class='ocr_line' id='line_1_21' title="bbox 16 1814 710 1900; baseline 0 -19"><span class='ocrx_word' id='word_1_142' title='bbox 16 1814 143 1899; x_wconf 65' lang='lat' dir='ltr'><strong>‘A&#39;i&#39;pioe</strong></span> <span class='ocrx_word' id='word_1_143' title='bbox 154 1832 192 1880; x_wconf 90' lang='lat' dir='ltr'><strong>his</strong></span> <span class='ocrx_word' id='word_1_144' title='bbox 202 1849 269 1882; x_wconf 86' lang='lat' dir='ltr'><strong>senos</strong></span> <span class='ocrx_word' id='word_1_145' title='bbox 278 1833 383 1897; x_wconf 51' lang='lat' dir='ltr'><strong>lemgum</strong></span> <span class='ocrx_word' id='word_1_146' title='bbox 396 1833 486 1900; x_wconf 81' lang='lat' dir='ltr'><strong>agmine</strong></span> <span class='ocrx_word' id='word_1_147' title='bbox 496 1850 595 1900; x_wconf 87' lang='lat' dir='ltr'><strong>cycnos,</strong></span> <span class='ocrx_word' id='word_1_148' title='bbox 641 1836 655 1843; x_wconf 75' lang='grc'><strong><em>’</em></strong></span> <span class='ocrx_word' id='word_1_149' title='bbox 706 1847 710 1859; x_wconf 83' lang='grc'><strong>’</strong></span> 
     </span>
     <span class='ocr_line' id='line_1_22' title="bbox 55 1910 612 1979; baseline 0.002 -19"><span class='ocrx_word' id='word_1_150' title='bbox 55 1910 168 1960; x_wconf 64' lang='lat' dir='ltr'><strong>Etherel</strong></span> <span class='ocrx_word' id='word_1_151' title='bbox 177 1928 238 1976; x_wconf 91' lang='lat' dir='ltr'><strong>quos</strong></span> <span class='ocrx_word' id='word_1_152' title='bbox 247 1913 313 1977; x_wconf 85' lang='lat' dir='ltr'><strong>lapsa</strong></span> <span class='ocrx_word' id='word_1_153' title='bbox 322 1914 390 1979; x_wconf 75' lang='lat' dir='ltr'><strong>plugd</strong></span> <span class='ocrx_word' id='word_1_154' title='bbox 400 1919 412 1962; x_wconf 84' lang='lat' dir='ltr'>J</span> <span class='ocrx_word' id='word_1_155' title='bbox 415 1915 465 1961; x_wconf 84' lang='lat' dir='ltr'><strong>ovis</strong></span> <span class='ocrx_word' id='word_1_156' title='bbox 475 1914 521 1962; x_wconf 90' lang='lat' dir='ltr'><strong>ales</strong></span> <span class='ocrx_word' id='word_1_157' title='bbox 531 1925 612 1978; x_wconf 77' lang='lat' dir='ltr'><strong>aperto</strong></span> 
     </span>
     <span class='ocr_line' id='line_1_23' title="bbox 56 1989 596 2058; baseline 0 -18"><span class='ocrx_word' id='word_1_158' title='bbox 56 1990 180 2040; x_wconf 80' lang='lat' dir='ltr'><strong>&#39;l&#39;urhabat</strong></span> <span class='ocrx_word' id='word_1_159' title='bbox 190 1989 250 2039; x_wconf 87' lang='lat' dir='ltr'><strong>ooelo</strong></span> <span class='ocrx_word' id='word_1_160' title='bbox 261 2009 267 2038; x_wconf 76' lang='lat' dir='ltr'><strong><em>z</em></strong></span> <span class='ocrx_word' id='word_1_161' title='bbox 278 2007 342 2039; x_wconf 92' lang='lat' dir='ltr'><strong>nunc</strong></span> <span class='ocrx_word' id='word_1_162' title='bbox 352 2003 424 2041; x_wconf 85' lang='lat' dir='ltr'><strong>terras</strong></span> <span class='ocrx_word' id='word_1_163' title='bbox 433 1993 515 2042; x_wconf 88' lang='lat' dir='ltr'><strong>ordine</strong></span> <span class='ocrx_word' id='word_1_164' title='bbox 523 1993 596 2058; x_wconf 75' lang='lat' dir='ltr'><strong>longo</strong></span> 
     </span>
     <span class='ocr_line' id='line_1_24' title="bbox 57 2069 679 2141; baseline 0.002 -23"><span class='ocrx_word' id='word_1_165' title='bbox 57 2071 107 2119; x_wconf 78' lang='lat' dir='ltr'><strong>Aut</strong></span> <span class='ocrx_word' id='word_1_166' title='bbox 117 2086 214 2141; x_wconf 81' lang='lat' dir='ltr'><strong>capere,</strong></span> <span class='ocrx_word' id='word_1_167' title='bbox 224 2082 265 2119; x_wconf 89' lang='lat' dir='ltr'><strong>aut</strong></span> <span class='ocrx_word' id='word_1_168' title='bbox 275 2083 354 2136; x_wconf 79' lang='lat' dir='ltr'><strong>captas</strong></span> <span class='ocrx_word' id='word_1_169' title='bbox 363 2069 410 2135; x_wconf 86' lang='lat' dir='ltr'><strong>jam</strong></span> <span class='ocrx_word' id='word_1_170' title='bbox 420 2072 552 2136; x_wconf 80' lang='lat' dir='ltr'><strong>despectare</strong></span> <span class='ocrx_word' id='word_1_171' title='bbox 561 2071 679 2121; x_wconf 85' lang='lat' dir='ltr'><strong>videntur.</strong></span> 
     </span>
     <span class='ocr_line' id='line_1_25' title="bbox 56 2148 562 2210; baseline 0.006 -13"><span class='ocrx_word' id='word_1_172' title='bbox 56 2153 91 2199; x_wconf 80' lang='lat' dir='ltr'><strong>Ut</strong></span> <span class='ocrx_word' id='word_1_173' title='bbox 100 2149 198 2198; x_wconf 82' lang='lat' dir='ltr'><strong>reduces</strong></span> <span class='ocrx_word' id='word_1_174' title='bbox 208 2148 243 2196; x_wconf 87' lang='lat' dir='ltr'><strong>illi</strong></span> <span class='ocrx_word' id='word_1_175' title='bbox 251 2149 338 2198; x_wconf 92' lang='lat' dir='ltr'><strong>ludunt</strong></span> <span class='ocrx_word' id='word_1_176' title='bbox 348 2151 499 2200; x_wconf 87' lang='lat' dir='ltr'><strong>stridentibus</strong></span> <span class='ocrx_word' id='word_1_177' title='bbox 510 2152 562 2210; x_wconf 85' lang='lat' dir='ltr'><strong>alis,</strong></span> 
     </span>
     <span class='ocr_line' id='line_1_26' title="bbox 57 2227 723 2294; baseline 0.003 -18"><span class='ocrx_word' id='word_1_178' title='bbox 57 2233 88 2278; x_wconf 89' lang='lat' dir='ltr'><strong>Et</strong></span> <span class='ocrx_word' id='word_1_179' title='bbox 98 2240 164 2294; x_wconf 58' lang='lat' dir='ltr'><strong>Qu</strong></span> <span class='ocrx_word' id='word_1_180' title='bbox 172 2227 265 2276; x_wconf 70' lang='lat' dir='ltr'><strong>cinxere</strong></span> <span class='ocrx_word' id='word_1_181' title='bbox 275 2228 371 2293; x_wconf 90' lang='lat' dir='ltr'><strong>polum,</strong></span> <span class='ocrx_word' id='word_1_182' title='bbox 381 2241 510 2294; x_wconf 86' lang='lat' dir='ltr'><strong>cantusque</strong></span> <span class='ocrx_word' id='word_1_183' title='bbox 522 2230 620 2288; x_wconf 73' lang='lat' dir='ltr'><strong>dedere5</strong></span> <span class='ocrx_word' id='word_1_184' title='bbox 718 2233 723 2243; x_wconf 84' lang='lat'>‘</span> 
     </span>
     <span class='ocr_line' id='line_1_27' title="bbox 57 2307 675 2375; baseline 0 -18"><span class='ocrx_word' id='word_1_185' title='bbox 57 2307 129 2358; x_wconf 81' lang='lat' dir='ltr'><strong>Haud</strong></span> <span class='ocrx_word' id='word_1_186' title='bbox 138 2307 206 2357; x_wconf 86' lang='lat' dir='ltr'><strong>aliter</strong></span> <span class='ocrx_word' id='word_1_187' title='bbox 215 2323 356 2373; x_wconf 83' lang='lat' dir='ltr'><strong>puppesque</strong></span> <span class='ocrx_word' id='word_1_188' title='bbox 365 2320 425 2367; x_wconf 85' lang='lat' dir='ltr'><strong>tuae,</strong></span> <span class='ocrx_word' id='word_1_189' title='bbox 434 2310 556 2375; x_wconf 81' lang='lat' dir='ltr'><strong>pubesque</strong></span> <span class='ocrx_word' id='word_1_190' title='bbox 566 2320 675 2367; x_wconf 86' lang='lat' dir='ltr'><strong>tuorum,</strong></span> 
     </span>
     <span class='ocr_line' id='line_1_28' title="bbox 58 2386 769 2454; baseline 0.006 -19"><span class='ocrx_word' id='word_1_191' title='bbox 58 2386 216 2453; x_wconf 65' lang='lat' dir='ltr'><strong>rutpertum</strong></span> <span class='ocrx_word' id='word_1_192' title='bbox 225 2389 433 2453; x_wconf 86' lang='lat' dir='ltr'><strong>tenet,autpleno</strong></span> <span class='ocrx_word' id='word_1_193' title='bbox 443 2388 508 2435; x_wconf 90' lang='lat' dir='ltr'><strong>subit</strong></span> <span class='ocrx_word' id='word_1_194' title='bbox 517 2388 646 2454; x_wconf 73' lang='lat' dir='ltr'><strong>ostiavelo.</strong></span> <span class='ocrx_word' id='word_1_195' title='bbox 762 2425 769 2439; x_wconf 82' lang='grc'>.</span> 
     </span>
     <span class='ocr_line' id='line_1_29' title="bbox 58 2465 763 2534; baseline 0.004 -20"><span class='ocrx_word' id='word_1_196' title='bbox 58 2469 129 2534; x_wconf 58' lang='lat' dir='ltr'><strong>Perge</strong></span> <span class='ocrx_word' id='word_1_197' title='bbox 139 2465 226 2527; x_wconf 73' lang='lat' dir='ltr'><strong>modo,</strong></span> <span class='ocrx_word' id='word_1_198' title='bbox 236 2478 259 2514; x_wconf 90' lang='lat' dir='ltr'><strong>et</strong></span> <span class='ocrx_word' id='word_1_199' title='bbox 269 2467 316 2530; x_wconf 65' lang='lat' dir='ltr'><strong>qud</strong></span> <span class='ocrx_word' id='word_1_200' title='bbox 326 2479 349 2515; x_wconf 89' lang='lat' dir='ltr'><strong>te</strong></span> <span class='ocrx_word' id='word_1_201' title='bbox 358 2467 424 2514; x_wconf 87' lang='lat' dir='ltr'><strong>ducit</strong></span> <span class='ocrx_word' id='word_1_202' title='bbox 433 2467 471 2514; x_wconf 88' lang='lat' dir='ltr'><strong>via</strong></span> <span class='ocrx_word' id='word_1_203' title='bbox 481 2467 553 2533; x_wconf 90' lang='lat' dir='ltr'><strong>dirige</strong></span> <span class='ocrx_word' id='word_1_204' title='bbox 563 2483 675 2532; x_wconf 89' lang='lat' dir='ltr'><strong>gressum.</strong></span> <span class='ocrx_word' id='word_1_205' title='bbox 761 2488 763 2493; x_wconf 71' lang='grc'>’</span> 
     </span>
     <span class='ocr_line' id='line_1_30' title="bbox 97 2546 608 2605; baseline 0.006 -13"><span class='ocrx_word' id='word_1_206' title='bbox 97 2546 176 2605; x_wconf 82' lang='lat' dir='ltr'><strong>Dixit;</strong></span> <span class='ocrx_word' id='word_1_207' title='bbox 187 2557 211 2593; x_wconf 90' lang='lat' dir='ltr'><strong>et</strong></span> <span class='ocrx_word' id='word_1_208' title='bbox 219 2557 325 2593; x_wconf 86' lang='lat' dir='ltr'><strong>avertens</strong></span> <span class='ocrx_word' id='word_1_209' title='bbox 334 2547 400 2594; x_wconf 64' lang='lat' dir='ltr'><strong>rosei</strong></span> <span class='ocrx_word' id='word_1_210' title='bbox 408 2547 496 2594; x_wconf 83' lang='lat' dir='ltr'><strong>cervice</strong></span> <span class='ocrx_word' id='word_1_211' title='bbox 505 2547 608 2605; x_wconf 82' lang='lat' dir='ltr'><strong>refulsit,</strong></span> 
     </span>
     <span class='ocr_line' id='line_1_31' title="bbox 58 2623 635 2688; baseline -0.005 -12"><span class='ocrx_word' id='word_1_212' title='bbox 58 2623 237 2688; x_wconf 71' lang='lat' dir='ltr'><strong>Ambrosiasque</strong></span> <span class='ocrx_word' id='word_1_213' title='bbox 247 2640 319 2672; x_wconf 80' lang='lat' dir='ltr'><strong>oomae</strong></span> <span class='ocrx_word' id='word_1_214' title='bbox 329 2624 437 2674; x_wconf 89' lang='lat' dir='ltr'><strong>divinum</strong></span> <span class='ocrx_word' id='word_1_215' title='bbox 445 2626 530 2674; x_wconf 87' lang='lat' dir='ltr'><strong>vertice</strong></span> <span class='ocrx_word' id='word_1_216' title='bbox 540 2625 635 2674; x_wconf 88' lang='lat' dir='ltr'><strong>odorem</strong></span> 
     </span>
     <span class='ocr_line' id='line_1_32' title="bbox 58 2703 591 2770; baseline -0.004 -16"><span class='ocrx_word' id='word_1_217' title='bbox 58 2704 182 2770; x_wconf 78' lang='lat' dir='ltr'><strong>Spiravere</strong></span> <span class='ocrx_word' id='word_1_218' title='bbox 194 2721 200 2751; x_wconf 93' lang='lat'>:</span> <span class='ocrx_word' id='word_1_219' title='bbox 210 2703 282 2768; x_wconf 86' lang='lat' dir='ltr'><strong>pedes</strong></span> <span class='ocrx_word' id='word_1_220' title='bbox 292 2705 363 2752; x_wconf 84' lang='lat' dir='ltr'><strong>vestis</strong></span> <span class='ocrx_word' id='word_1_221' title='bbox 373 2703 471 2753; x_wconf 84' lang='lat' dir='ltr'><strong>defluxit</strong></span> <span class='ocrx_word' id='word_1_222' title='bbox 480 2705 510 2753; x_wconf 79' lang='lat' dir='ltr'><strong>ud</strong></span> <span class='ocrx_word' id='word_1_223' title='bbox 520 2705 591 2762; x_wconf 83' lang='lat' dir='ltr'><strong>imos,</strong></span> 
     </span>
     <span class='ocr_line' id='line_1_33' title="bbox 58 2783 635 2848; baseline -0.003 -17"><span class='ocrx_word' id='word_1_224' title='bbox 58 2788 89 2831; x_wconf 85' lang='lat' dir='ltr'><strong>Et</strong></span> <span class='ocrx_word' id='word_1_225' title='bbox 98 2799 155 2832; x_wconf 82' lang='lat' dir='ltr'><strong>veru</strong></span> <span class='ocrx_word' id='word_1_226' title='bbox 165 2783 257 2835; x_wconf 74' lang='lat' dir='ltr'><strong>inoeeu</strong></span> <span class='ocrx_word' id='word_1_227' title='bbox 266 2783 344 2848; x_wconf 85' lang='lat' dir='ltr'><strong>patuit</strong></span> <span class='ocrx_word' id='word_1_228' title='bbox 354 2787 409 2832; x_wconf 87' lang='lat' dir='ltr'><strong>Dea.</strong></span> <span class='ocrx_word' id='word_1_229' title='bbox 421 2783 475 2843; x_wconf 88' lang='lat' dir='ltr'><strong>Ille,</strong></span> <span class='ocrx_word' id='word_1_230' title='bbox 485 2783 527 2832; x_wconf 88' lang='lat' dir='ltr'><strong>ubi</strong></span> <span class='ocrx_word' id='word_1_231' title='bbox 537 2795 635 2832; x_wconf 85' lang='lat' dir='ltr'><strong>matrem</strong></span> 
     </span>
     <span class='ocr_line' id='line_1_34' title="bbox 57 2860 595 2937; baseline -0.002 -28"><span class='ocrx_word' id='word_1_232' title='bbox 57 2861 176 2928; x_wconf 77' lang='lat' dir='ltr'><strong>Agnovit,</strong></span> <span class='ocrx_word' id='word_1_233' title='bbox 187 2861 229 2917; x_wconf 77' lang='lat' dir='ltr'><strong>tuli</strong></span> <span class='ocrx_word' id='word_1_234' title='bbox 238 2860 366 2937; x_wconf 76' lang='lat' dir='ltr'><strong>fugientem</strong></span> <span class='ocrx_word' id='word_1_235' title='bbox 377 2875 410 2914; x_wconf 86' lang='lat' dir='ltr'><strong>est</strong></span> <span class='ocrx_word' id='word_1_236' title='bbox 420 2878 477 2912; x_wconf 76' lang='lat' dir='ltr'><strong>voce</strong></span> <span class='ocrx_word' id='word_1_237' title='bbox 487 2863 579 2914; x_wconf 79' lang='lat' dir='ltr'><strong>secutus</strong></span> <span class='ocrx_word' id='word_1_238' title='bbox 589 2879 595 2908; x_wconf 69' lang='grc' dir='ltr'><strong>ι</strong></span> 
     </span>
     <span class='ocr_line' id='line_1_35' title="bbox 58 2942 649 3017; baseline -0.008 -23"><span class='ocrx_word' id='word_1_239' title='bbox 58 2959 84 2994; x_wconf 80' lang='lat' dir='ltr'><strong>v.</strong></span> <span class='ocrx_word' id='word_1_240' title='bbox 99 2942 168 3017; x_wconf 56' lang='lat'><strong>4064</strong></span> <span class='ocrx_word' id='word_1_241' title='bbox 609 2956 649 2990; x_wconf 86' lang='lat' dir='ltr'><strong>to.</strong></span> 
     </span>
    </p>
   </div>
   <div class='ocr_carea' id='block_1_3' title="bbox 0 0 992 3772">
    <p class='ocr_par' dir='ltr' id='par_1_3' title="bbox 0 0 992 3772">
     <span class='ocr_line' id='line_1_36' title="bbox 0 0 992 3772; baseline 0 0"><span class='ocrx_word' id='word_1_242' title='bbox 0 0 992 3772; x_wconf 95' lang='lat' dir='ltr'><strong> </strong></span> 
     </span>
    </p>
   </div>
  </div>
 </body>
</html>
