1974 3772
142 122 146 147 l

316 240 443 288 aneia.
464 242 600 288 nin-rx.
775 214 825 303 315

88 339 132 387 Hic
142 337 213 386 etiam
222 338 348 387 inventum
357 339 449 386 Priamo
459 338 564 386 narrabis
574 335 699 396 Achillem.

88 420 195 466 Dixerat:
207 417 245 464 ille
254 417 339 466 rudem
346 417 417 466 nodis
427 428 451 465 et
460 417 628 481 corticelcrudn

87 501 223 560 lutorquet,
233 497 330 544 summis
341 496 439 544 adnixus
449 496 552 555 viribus,
561 493 661 545 hastam.

87 577 205 639 Excepere
215 589 277 623 aurae
287 571 375 622 vulnus
381 590 388 630 3
400 574 509 623 Saturnia
517 580 581 623 luno

88 655 190 702 Detorsit
200 653 308 712 veniens,
319 665 440 717 portaeque
450 651 555 716 infigitur
565 651 641 703 hasta«

87 732 120 780 At
130 749 179 780 non
189 730 234 780 hoc
244 732 331 791 telum,
339 748 391 780 mea
401 731 466 796 (prod
476 734 500 780 vi
510 716 603 780 deitera
613 743 703 790 versat,

88 810 204 874 Effugies3
215 827 292 875 neque
302 810 365 858 enim
374 811 394 858 is
404 811 444 858 teli
454 827 497 859 nec
506 811 610 859 vulneris
621 814 708 860 auctor.
724 810 725 815 ’

88 890 124 938 Sic
135 890 179 948 ait,
190 900 213 937 et
223 889 343 939 sublatum
353 890 399 938 alte
408 891 528 955 consurgit
536 890 561 937 in
572 875 664 948 ensem,

88 971 118 1016 Et
127 968 229 1016 mediam
239 960 299 1017 ferro
309 969 401 1032 gemina
411 970 472 1016 inter
479 980 585 1034 tempora
595 966 697 1017 frontem

88 1047 189 1105 Dividit,
200 1047 356 1112 impubesque
366 1047 463 1095 hnmani
473 1047 571 1095 vulnere
580 1047 661 1108 malas.

87 1126 126 1174 Fit
135 1142 220 1185 sonus,
232 1126 321 1191 ingenti
330 1142 441 1174 concussa
452 1137 486 1173 est
495 1125 599 1189 pondere
608 1125 678 1174 tellus
689 1142 695 1172 :

86 1205 208 1269 Collapsos
218 1216 283 1252 artus
293 1216 363 1267 atque
372 1220 437 1251 arma
446 1216 542 1251 cruenta
552 1203 647 1251 cerebm

86 1283 174 1332 Sternit
184 1280 251 1330 humi
261 1283 376 1342 moriens,
388 1294 457 1347 atque
466 1283 501 1330 illi
509 1282 616 1346 partibus
626 1281 699 1345 eequis
774 1320 777 1324 .
791 1319 793 1323 .

86 1364 140 1410 Hire
150 1373 222 1425 caput
231 1374 301 1424 atque
311 1361 367 1409 illuc
377 1359 476 1410 humero
486 1377 515 1408 ex
524 1372 625 1426 utroque
633 1359 754 1426 pependit.

127 1440 261 1506 Diffugiunt
270 1441 330 1488 versi
340 1440 431 1506 trepidi
441 1440 564 1488 formidine
574 1442 652 1488 licis.
712 1455 715 1459 ’

88 1524 131 1578 Et,
141 1520 160 1567 si
170 1519 283 1568 continue
291 1519 405 1567 victorem
413 1535 441 1567 ca
449 1535 506 1567 cura
515 1518 615 1567 subisset

87 1602 206 1662 Rumpere
216 1599 315 1646 claustra
325 1613 399 1645 manu
404 1632 411 1655 ,
421 1597 545 1662 sociosque
555 1598 679 1652 immittere
688 1599 777 1662 portis,

87 1677 191 1726 Ultimus
202 1677 240 1724 ille
251 1677 299 1724 dies
309 1675 371 1723 bello
382 1676 491 1740 gentique
500 1675 588 1724 fuisset.
610 1718 613 1723 .

87 1757 132 1805 Sed
143 1755 208 1805 furor
220 1755 339 1804 ardentem
348 1754 463 1820 cadisque
474 1756 554 1803 insana
563 1754 651 1819 cupido

87 1836 141 1902 Egit
151 1835 176 1882 in
186 1836 304 1884 adversos·
588 1875 590 1880 ι

87 1915 205 1978 Principio
216 1913 333 1963 Phalarim
342 1925 366 1964 et
375 1916 463 1986 succiso
472 1916 562 1982 poplite
572 1914 658 1982 Gygen¹

87 1994 193 2058 Excipit,
203 1991 259 2042 hinc
268 2006 346 2059 raptas
355 1996 499 2062 fugientibus
510 1996 594 2062 ingerit
603 1991 680 2044 hastas

87 2075 115 2120 ln
126 2084 232 2137 tergum:
243 2079 306 2121 Juno
316 2074 378 2124 vires
387 2076 539 2138 animumque
550 2075 672 2122 ministrat.
746 2121 749 2128 ,

87 2150 160 2200 Addit
170 2154 249 2217 Halyn
259 2152 381 2212 comitem,
392 2166 415 2203 et
424 2151 544 2202 confixum
553 2156 645 2217 Phegea
654 2151 748 2216 peimi}

87 2235 182 2296 Ignaros
192 2230 277 2278 deinde
287 2230 312 2278 in
321 2232 408 2290 muris,
417 2236 563 2295 Martemque
574 2232 672 2286 cientes,

86 2308 289 2372 Alcandrumque,
296 2310 448 2373 Haliumque,
455 2313 631 2371 Noemonaque,
638 2306 807 2371 Prytanimqua
817 2322 824 2352 t

86 2391 181 2453 Lyncea
191 2386 325 2435 tendentem
334 2388 427 2445 contri,
438 2388 559 2450 sociosque
568 2399 702 2445 vocantem,
725 2420 729 2438 ,

87 2466 196 2520 Vibranti
206 2467 283 2530 gladio
294 2467 407 2523 connixus
417 2466 448 2513 ab
458 2482 539 2532 aggere
549 2465 629 2514 dexter

86 2549 203 2610 Occupat;
214 2543 270 2593 huic
280 2547 330 2593 uno'
339 2544 456 2609 dejectum
465 2545 571 2593 cominus
582 2545 630 2592 ictu

85 2628 148 2673 Cum
157 2626 223 2689 galei
232 2626 301 2688 longi
311 2622 382 2687 jacuit
392 2626 470 2690 eaput,
480 2624 539 2672 lude
548 2623 651 2671 serarum

84 2708 233 2758 ,Vastatorem
244 2706 375 2768 Amycum,
385 2720 434 2768 quo
444 2720 493 2751 non
503 2702 591 2750 felicior
600 2701 658 2750 alter

86 2786 179 2847 Ungere
190 2785 235 2832 tela
245 2800 331 2843 manu,
341 2783 476 2847 ferrumque
486 2798 575 2830 armare
583 2795 676 2829 veneno
687 2796 692 2824 :

86 2866 118 2910 Et
127 2863 233 2929 Clytium
243 2863 363 2922 AEolideu,
374 2874 397 2911 et
407 2862 509 2912 anticum
517 2862 599 2912 Crctea
606 2858 694 2918 Musis,

87 2959 112 2992 v.
131 2944 195 3011 774·
653 2954 698 3008 27·
