1974 3772
264 277 561 327 croac1ca..n1n.
584 281 629 332 iv.
781 280 816 352 οἳ

119 383 226 442 Namque
237 376 283 424 sub
289 374 394 424 annalis
403 375 500 424 memini
510 392 548 424 me
558 377 662 427 turribus
675 377 741 440 altis,

80 460 135 524 Qud
145 459 212 522 niger
221 455 342 505 humectat
351 453 460 504 flaventia
470 456 533 503 ruha
541 458 657 515 ¹Galeam,

76 539 208 604 Corycium
217 536 303 584 vidisse
313 551 405 592 senem,
414 534 453 584 cui
461 551 536 598 pauca
547 535 620 583 relicti

78 622 164 682 Jugera
174 614 237 664 naris
246 625 325 673 crant;
337 631 380 663 nec
389 613 471 664 fertilis
480 614 520 662 illa
530 613 648 678 juvencis,

78 700 127 746 Nec
136 695 216 761 pecori
226 705 360 759 opportuna
370 709 447 758 seges,
457 709 500 741 nec
510 694 632 743 commoda
643 693 740 746 Baccho.

78 775 123 824 Hie
131 790 213 823 rarum
222 786 301 821 tamen
311 772 337 822 in
346 770 426 821 dumis
434 773 499 830 olm,
509 773 610 837 albaque
620 769 709 824 ciceiam

77 854 151 912 Lilia,
162 853 323 916 verbenasque
333 868 453 917 premens,
465 869 606 918 vescumque
618 869 736 918 papaver,

77 937 171 998 Regum
181 931 290 996 aequahat
299 947 356 996 opes
366 932 462 992 animis3
473 932 570 995 scrtnpue
579 945 697 982 revertens

77 1015 150 1061 Nocte
159 1011 271 1071 domum,
281 1010 382 1074 dapibus
391 998 482 1058 mensas
491 1011 603 1059 onerabat
611 1011 729 1076 inemptis.

76 1091 171 1139 Primus
181 1106 237 1138 vere
247 1077 335 1147 msam,
343 1101 414 1154 atque
423 1101 539 1138 aummno
548 1077 643 1154 carpere
652 1107 723 1156 poma
734 1111 740 1140 ι

77 1175 110 1220 Et
118 1164 174 1218 crim
184 1168 256 1217 tristis
265 1164 341 1217 hiems
350 1168 422 1216 etiam
430 1184 495 1216 nunc
504 1157 588 1234 frigore
598 1185 654 1217 saxa
713 1157 718 1165 ¹

78 1253 221 1314 iimperat,
231 1259 255 1296 et
264 1247 336 1313 glacie
345 1263 428 1295 cursus
437 1245 538 1294 frenaret
548 1262 677 1312 equanam,

78 1328 120 1377 1110
129 1343 224 1376 comam
231 1326 311 1382 mollis
321 1324 369 1390 jam
378 1320 431 1374 tiam
439 1325 553 1377 tondebat
562 1325 669 1387 acanthi,

77 1410 194 1455 AEstatem
203 1404 344 1469 increpitans
355 1404 616 1471 seram,zephyrosque
625 1418 752 1461 morantes.
918 1446 922 1451 .

78 1489 142 1550 Ergo,
151 1484 236 1549 apibus
247 1483 299 1533 setis
309 1483 373 1533 idem
382 1496 452 1548 atque
462 1485 568 1532 examine
577 1485 653 1534 multo

77 1565 171 1613 Primus
180 1563 313 1623 abundare,
323 1574 347 1612 et
354 1563 488 1628 spumantia
497 1579 578 1628 cogere
588 1564 674 1628 pressis

77 1643 148 1692 Mella
158 1639 231 1691 favis:
242 1641 277 1689 illi
287 1628 355 1700 tiliae,
365 1653 436 1706 atque
445 1641 565 1689 uberrima
574 1642 645 1706 pinus
656 1661 662 1690 ι

78 1725 193 1786 Quosque
203 1722 229 1768 in
239 1719 296 1768 flore
306 1737 369 1769 noro
379 1720 456 1784 pomis
466 1737 490 1769 se
501 1719 582 1769 fertilis
591 1720 661 1769 arbos

77 1801 203 1858 Induerat,
211 1800 310 1849 totidem
319 1812 435 1848 autumno
443 1812 536 1851 matura
546 1799 647 1848 tenebat.
662 1826 665 1833 ·

78 1880 120 1927 [lle
130 1880 202 1928 etiam
211 1895 274 1927 seras
284 1880 309 1927 in
318 1895 413 1927 versum
423 1879 515 1938 distulit
523 1879 614 1940 ulmos,
630 1916 631 1919 ,

76 1957 231 2023 Eduramquc
240 1957 333 2023 pirum,
344 1958 456 2022 caspinos
468 1956 517 2022 jam
528 1976 605 2024 pruna
615 1958 726 2017 serentes,

62 2030 65 2037 ’
76 2041 179 2101 Jamque
188 2037 360 2086 ministrantem
370 2039 492 2105 platanum
502 2039 639 2103 potantibus
647 2039 760 2089 umbras!

74 2115 168 2168 ventm
179 2113 230 2164 haec
240 2116 289 2181 ipse
299 2117 422 2182 equidem,
432 2117 512 2183 spatiis
522 2117 630 2166 exclusus
639 2118 727 2183 iniquis
733 2153 741 2176 ,

75 2197 194 2244 Praetereo
200 2230 210 2253 ,
216 2208 288 2261 atquc
297 2196 348 2244 aliis
357 2199 412 2261 pdst
420 2197 624 2246 commemoranda
634 2196 751 2261 relinqua.

116 2277 187 2323 Nunc
198 2290 252 2340 age,
261 2288 357 2324 naturas
367 2277 452 2342 apibus
464 2293 523 2342 quas
532 2277 643 2341 iuppiter
652 2276 702 2339 ipse

75 2352 178 2402 Addidit
186 2353 317 2424 expediam?
328 2372 372 2420 pro
380 2359 428 2420 qud
437 2356 555 2415 mercede,
564 2372 661 2404 canoros

40 2456 43 2463 ·
75 2435 194 2482 Curetum
203 2434 294 2482 sonims
304 2435 486 2501 crepitantiaque
497 2451 541 2483 ara
551 2447 649 2492 secutae,

76 2513 167 2560 Dictaeo
177 2512 228 2560 caii
235 2529 316 2583 regem
322 2516 408 2578 pavire
417 2516 463 2564 sub
473 2526 547 2563 antro.
572 2574 574 2580 Ι

117 2591 177 2638 Solae
188 2607 325 2641 communes
335 2605 414 2652 natas,
425 2594 540 2642 consortia
551 2606 610 2642 tecta
631 2580 636 2587 ⁴

75 2669 150 2717 Urbis
160 2667 263 2730 habent,
272 2673 409 2738 magnisque
420 2674 508 2739 agitant
517 2673 563 2722 suh
571 2672 663 2736 legibus
672 2686 764 2729 aevum3

75 2752 108 2796 Et
116 2748 219 2812 patriam
229 2749 297 2808 solae,
307 2763 331 2799 et
341 2763 415 2800 certos
425 2754 511 2801 novdre
520 2765 629 2817 penates5

74 2831 239 2891 Venturaeque
249 2825 332 2879 hiemis
342 2847 470 2890 memores,
479 2843 557 2880 testate
566 2831 672 2878 laborem

74 2906 252 2971 Experiamur,
262 2920 286 2958 at
293 2909 318 2958 in
326 2911 433 2960 madium
440 2911 539 2975 pamma
547 2919 674 2976 reponunt.

63 2990 101 3036 'v.
122 2984 185 3056 157.
