1974 3772
146 205 193 255 162
354 204 482 250 PUBLll
501 204 673 256 v11tG1L11

143 304 199 353 Uuu
209 301 281 351 soret:
293 299 358 371 veuit
368 301 445 371 medio
455 301 479 348 vi
489 313 588 365 pontus,
595 313 621 369 ,et
632 304 701 351 undis

144 383 284 447 Hesperium
293 381 369 431 Siculo
380 381 441 443 lotus
451 380 559 450 abscidit,
570 398 673 447 ervoque
683 394 706 431 et
716 383 788 433 urbes

143 464 230 512 Littore
241 461 347 509 diductas
357 472 456 527 angusto
464 460 569 509 interluit
579 473 642 529 aestu
717 448 720 452 ⁵

141 546 256 590 Dexuum
267 541 344 604 Scylla
354 526 427 598 lotus,
436 539 524 587 laertem
535 541 656 608 implacata
664 541 820 613 Charybdis,

142 621 250 675 obsidet,
262 631 332 682 atque
343 620 391 666 imo
400 617 505 667 barathri
515 631 550 666 ter
560 620 651 686 gurgite
661 631 739 671 vastos

142 701 225 749 Sorbet
235 699 260 745 iu
271 698 400 762 obmptrun
410 697 508 755 fluctus,
518 701 645 763 mrsiuque
654 699 700 749 sub
711 716 780 768 euros

142 780 217 844 Erigit
226 778 337 835 alternos,
346 790 369 824 et
377 777 452 825 sidero
462 778 570 826 verberet
578 778 649 827 unda
669 840 672 845 Δ

141 859 174 906 At
184 856 287 923 Scyllum
296 857 361 904 caeeis
371 854 465 905 cohibet
474 857 585 920 spelunea
593 856 703 925 latebris,

141 940 189 986 Ora
198 946 457 1003 exertantem,etneves
465 935 490 983 in
500 952 554 983 saxa
564 933 702 997 trahentem.

141 1017 219 1064 Prima
227 1012 330 1062 hominis
339 1013 420 1071 facies,
431 1025 454 1062 et
463 1012 563 1079 pulchro
572 1028 665 1080 pectore
675 1015 742 1084 virgo

142 1096 208 1144 Pube
218 1095 286 1142 tenus
297 1111 303 1140 :
314 1104 431 1158 postremo
441 1087 538 1142 immani
547 1111 644 1159 corpore
654 1095 743 1164 pristis,

142 1172 287 1238 Delphinum
298 1173 383 1221 caudas
393 1185 460 1221 utero
469 1173 592 1222 commisse
601 1174 723 1244 luponem.

181 1258 277 1301 Praestet
285 1252 398 1318 Trinacrii
407 1264 480 1300 metes
490 1252 588 1301 lustrare
598 1251 704 1323 Pachyni
764 1254 784 1321 ‘J¹

141 1335 286 1389 Cessantem,
296 1332 378 1397 longos
389 1343 412 1379 et
421 1330 600 1382 circumflectere
610 1349 718 1393 eureus„

143 1413 223 1475 Quem
232 1410 303 1458 semel
313 1410 438 1458 informem
447 1422 513 1459 vasto
524 1411 608 1459 vidisse
619 1411 664 1461 sub
675 1424 742 1460 antro

141 1490 253 1556 Scyllam,
264 1502 287 1537 et
296 1489 401 1538 eaeruleis
410 1489 508 1538 canibus
518 1490 650 1539 resonantia
659 1507 721 1540 saxa.

181 1571 303 1626 Praeterea,
314 1570 333 1616 si
343 1586 391 1633 qua
400 1581 436 1617 est
445 1569 534 1617 Heleno
545 1569 683 1635 prudentie,
693 1571 742 1617 voti

141 1649 165 1698 si
175 1665 222 1712 qua
234 1645 300 1706 fides,
311 1648 417 1696 animum
425 1648 444 1696 si
454 1649 515 1696 veris
525 1648 608 1713 implet
616 1649 718 1715 Apollo,

141 1731 224 1776 Unum
234 1727 293 1775 illud
304 1728 357 1786 tibi,
368 1740 421 1776 nate
432 1727 489 1786 Dei,
499 1744 595 1793 praeque
606 1729 718 1776 omnibus
728 1744 807 1776 unum

142 1807 278 1864 Praedicem,
289 1819 311 1855 et
320 1819 425 1871 repetens
436 1808 568 1872 iterumque
578 1808 710 1872 iteriuuque
719 1807 841 1859 monebo:

141 1886 242 1934 Juuonis
252 1903 342 1949 magnae
350 1888 457 1950 primum
466 1902 534 1951 prece
545 1903 633 1953 numen
644 1886 714 1934 adora
725 1905 731 1934 ι

140 1966 230 2012 lunoni
240 1981 297 2012 eane
307 1976 361 2011 vota
371 1964 460 2031 libens,
471 1952 637 2030 dominamque
647 1978 772 2031 potentem

141 2043 292 2108 Supplieibus
302 2059 385 2107 supera
396 2044 463 2091 donis
476 2063 481 2091 τ
492 2045 525 2092 sic
534 2044 636 2106 denique
646 2045 723 2115 pictor

140 2124 260 2171 Trinacria
270 2121 327 2170 fines
339 2123 409 2171 ltalos
418 2124 510 2189 mittere
520 2124 607 2172 relicti.

181 2205 233 2251 Huc
242 2202 284 2250 ubi
295 2202 385 2250 delatus
395 2205 515 2251 Cumaeam
525 2203 645 2252 accesseris
656 2203 754 2262 urbem,

141 2282 286 2346 Divinosque
296 2283 370 2336 locus,
382 2295 405 2330 et
415 2285 508 2347 Averno
516 2284 623 2351 sonantia
633 2281 712 2343 silvis3

141 2365 250 2408 lusanam
260 2373 339 2408 votem
347 2362 454 2427 aspicies,
464 2379 518 2428 quae
528 2379 588 2426 rupe
598 2361 643 2410 sub
653 2362 712 2419 imo,

140 2444 199 2489 Fora
208 2440 280 2499 canit,
291 2440 399 2505 foliisque
408 2454 475 2490 notos
486 2456 509 2491 et
518 2442 614 2490 nomina
622 2440 725 2489 mandat

142 2524 295 2582 Quaecunque
304 2519 328 2567 in
339 2519 400 2566 soliis
411 2521 645 2587 descripsiteormina
656 2522 731 2589 virgo,

140 2599 228 2664 Digerit
238 2598 263 2644 in
273 2592 411 2657 numerum,
422 2613 569 2666 atquenntro
577 2600 666 2649 seclusa
677 2599 800 2664 relinquit;

141 2679 181 2725 llla
191 2690 288 2726 manent
298 2678 394 2747 immota
404 2680 472 2740 locis,
482 2698 557 2745 neque
568 2681 598 2728 ab
608 2680 689 2728 ordine
700 2678 794 2727 cedunt.

141 2761 228 2808 Verum
237 2757 331 2825 eodem,
341 2775 409 2824 verso
420 2760 496 2807 tenuis
505 2763 560 2807 clun
569 2759 662 2827 cardine
672 2769 759 2828 ventus

138 2838 248 2901 Impulit,
260 2849 282 2885 et
293 2849 382 2903 teperas
393 2839 497 2897 turbavit
507 2836 578 2902 janua
588 2838 696 2907 frondes,

140 2918 230 2980 ullo·
