1974 3772
344 223 475 298 'marra
497 250 563 297 nra.
585 251 631 299 vr,
811 247 863 303 225

123 345 252 405 Scinditu13
264 343 395 394 advolvunt
405 345 509 410 ingentes
518 346 641 395 montibus
650 361 727 395 ornos.

163 429 211 474 Nec
220 441 269 472 non
279 428 363 472 AEneas
373 440 445 488 opera
453 424 515 473 inter
524 425 579 473 talia
588 425 680 489 primus

122 509 237 554 Hortatur
247 504 321 552 socios
326 540 333 564 ‚
343 503 487 568 paribusque
497 504 624 570 accingitur
634 505 711 553 armis.

123 585 202 649 Atque
212 580 263 631 hac
272 584 322 648 ipsa
332 599 376 634 suo
386 583 445 630 tristi
455 599 511 631 cum
520 582 590 633 corde
600 585 704 641 volutat,

124 666 252 728 depectant
261 662 345 711 silvam
354 662 505 721 immensam,
516 662 579 710 etsie
589 679 629 710 ore
637 675 757 727 precatur:

122 743 146 792 Si
158 759 221 790 nunc
231 757 255 789 se
266 741 334 790 nohis
343 740 385 790 ille
394 757 478 790 aureus
488 741 571 789 arbore
580 757 659 791 ramus

121 821 237 870 Ostendat
247 836 342 868 nemore
351 822 376 868 in
386 821 465 869 tanto!
475 820 572 883 quando
582 820 661 868 omnia
670 822 734 878 veri,

121 902 189 950 Heu!
201 899 302 948 nimium
311 900 340 948 de
350 912 373 947 te
382 911 459 959 vates,
469 898 570 956 Miserae,
579 899 657 948 locuta
667 909 708 946 est

160 980 244 1032 Vinea
254 979 316 1027 fatus
326 990 387 1035 erat,
397 978 495 1042 geminae
505 980 560 1025 clim
569 977 630 1026 forts
637 975 753 1026 columbae

122 1064 176 1124 lpsa
187 1058 232 1106 sub
242 1074 282 1105 ora
293 1057 337 1104 viri
347 1058 406 1105 ooelo
415 1059 500 1104 vendre
508 1056 626 1114 volantes,
727 1084 732 1093 ·

120 1142 153 1188 Et
163 1136 233 1186 viridi
243 1136 322 1184 sedere
332 1137 389 1183 solo.
399 1137 463 1184 Tum
471 1135 588 1183 maximus
595 1132 664 1183 heros

121 1220 239 1267 maternas
248 1214 351 1281 agnoscit
360 1231 427 1273 aves,
437 1214 552 1279 lutusque
560 1225 668 1277 precatur
678 1230 685 1261 r

121 1301 178 1346 Este
188 1296 271 1352 duces,
279 1296 307 1351 ὁ,
317 1295 337 1341 si
345 1309 394 1358 qua
404 1292 442 1339 ria
451 1305 498 1350 est,
508 1308 651 1357 cursumque
660 1308 703 1356 per
713 1307 779 1341 auras

123 1374 221 1440 Dirigite
228 1373 254 1421 in
263 1373 341 1431 lucos,
351 1372 394 1420 ubi
403 1371 517 1438 pinguem
526 1371 591 1420 dives
601 1383 685 1436 opacat

122 1458 212 1503 Remus
224 1449 327 1502 humum
337 1469 343 1498 ε
354 1462 441 1515 tuque,
451 1452 479 1508 ὃ,
487 1449 565 1498 dubiis
575 1466 604 1498 ne
615 1446 687 1499 defice
696 1449 780 1508 rebus,

122 1534 183 1581 Diva
191 1546 283 1606 parens.
293 1531 330 1580 Sic
340 1529 433 1599 effatus,
443 1529 539 1594 vestigio
548 1529 645 1594 pressit,

106 1612 257 1661 'observans
266 1610 320 1674 quio
329 1609 395 1675 signa
403 1607 491 1666 ferant,
501 1609 550 1672 qud
560 1607 655 1656 tendere
664 1618 769 1673 pergant.

120 1695 244 1741 Pascentes
254 1689 404 1751 illrstantltm
412 1687 507 1753 prodire
515 1687 630 1746 rolando,

123 1770 248 1835 Quantlrm
258 1767 306 1816 scie
315 1778 411 1832 possent
419 1767 482 1816 oculi
492 1783 584 1816 servare
593 1768 740 1832 aequentilsn.

111 1849 193 1908 lude,
203 1847 246 1896 ubi
256 1849 341 1896 ventre
350 1848 380 1897 ad
391 1843 469 1896 fauces
477 1847 632 1913 graveolentis
641 1846 744 1904 Averni,

121 1914 221 1978 Tollunt
230 1943 255 1975 se
264 1927 348 1978 celeres
354 1961 364 1984 „
370 1927 535 1991 liquidumque
544 1942 587 1991 per
597 1931 649 1976 atra
658 1926 744 1992 lapsas,

122 2006 223 2056 Sedibus
232 2005 322 2073 optatis¹
328 2007 421 2070 gemina
431 2022 502 2070 super
511 2006 594 2054 arbore
604 2005 699 2064 sidunt,

122 2085 228 2134 Discolor
238 2083 303 2133 unde
310 2085 361 2132 auri
371 2101 413 2148 per
422 2100 500 2132 ramos
509 2101 566 2132 aura
575 2081 673 2132 refulsit.

122 2165 201 2227 Quale
210 2163 270 2212 solet
279 2163 343 2211 silvis
352 2163 454 2212 brumali
463 2162 547 2229 frigore
557 2163 648 2210 viseum

123 2242 217 2292 Fronde
226 2242 301 2290 virere
309 2245 382 2300 novt,
390 2241 456 2305 quod
466 2258 515 2289 non
525 2256 567 2288 sua
576 2240 676 2288 seminat
684 2238 763 2297 arbos,

122 2325 152 2370 Et
162 2337 244 2371 croceo
253 2319 303 2369 fetu
313 2332 395 2368 teretes
404 2319 547 2367 circumdare
557 2331 653 2366 mneos
663 2334 670 2365 ε
765 2326 767 2331 ’

122 2402 185 2450 Talis
194 2412 245 2449 erat
251 2390 341 2465 species
351 2400 402 2446 auri
410 2397 540 2446 frondentis
549 2399 623 2462 opaca
633 2447 635 2451 ,

123 2481 176 2528 llice
188 2498 194 2527 ε
206 2481 239 2528 sic
246 2479 293 2527 leni
302 2479 431 2543 crepitabat
440 2479 533 2526 bractea
542 2489 621 2524 vento.

123 2559 226 2623 Corripit
236 2559 354 2623 extemplo
363 2561 460 2615 Encas,
471 2557 601 2620 aridusque
611 2551 717 2620 refringit

122 2641 293 2695 Cunctantem,
302 2650 326 2686 et
335 2638 482 2702 ratisponen
492 2636 538 2684 sub
547 2647 606 2683 tecta
616 2633 718 2698 Sibyllae.

162 2720 210 2765 Nec
220 2716 300 2764 minirs
309 2717 396 2765 interelt
405 2717 523 2764 Misenum
535 2715 561 2761 in
570 2714 647 2761 littore
657 2711 740 2758 Teucri

125 2796 236 2852 Flebant,
248 2807 271 2842 et
280 2796 352 2843 cineri
362 2797 452 2861 ingrato
462 2809 570 2858 suprema
581 2790 693 2841 ferebant.

124 2874 242 2938 Principio
252 2874 365 2940 pinguem
374 2874 440 2924 taedis
450 2885 474 2922 et
483 2873 567 2922 robore
577 2882 639 2921 secto

125 2971 151 3005 v.
166 2955 228 3016 214.
