1974 3772
169 255 220 318 ist
376 255 695 332 eunnnvmotnir
776 260 824 268 ··

165 358 194 402 ln
202 365 303 420 segetem
313 350 386 400 veluti
396 352 451 399 enm
461 348 699 399 flamnsfurenrihus
707 355 800 401 Auente
887 399 890 404 ,

165 432 260 489 Incidit,
271 441 313 480 aut
322 429 418 496 tepidus
427 441 541 479 montano
552 427 649 478 flumine
663 441 754 480 torrens

165 512 253 561 Sternit
262 527 339 576 agros,
349 510 431 558 sternit
441 521 490 558 sate
497 509 550 558 laeta
560 509 682 574 bouruque
691 509 795 633 mml'

164 591 345 657 Praecipitesque
354 585 429 638 trabit
437 589 507 638 silvas
517 607 523 636 :
535 601 614 654 stupet
624 589 710 638 inscius
720 589 768 639 alto

83 689 85 695 ·
165 670 288 735 decipiens
298 671 403 718 sonitum
412 670 462 717 saxi
472 668 501 718 de
511 670 597 717 vertiee
607 680 694 734 pastor.
723 720 727 726 ,
739 636 796 739 ,ql-

203 751 268 797 Tum
276 749 334 798 vero
342 747 466 798 manifesta
475 743 543 807 fides,
554 750 710 814 Danaquue
719 761 846 814 patesettttt

164 828 265 876 Insidiae.
273 832 286 877 J
288 844 326 876 am
337 827 456 895 Deiphobi
466 827 530 876 dedit
539 827 617 893 ampla
625 828 729 886 minam,

164 908 272 959 Vulcano
282 917 419 972 supermae,
428 906 514 956 domus
524 925 530 954 r
541 901 591 971 jam
599 907 721 972 proximus
731 907 798 959 ardet

164 987 283 1052 Ucalegon
295 1005 301 1035 :
312 988 377 1054 Sigea
386 987 435 1052 igni
444 984 503 1035 freta
512 986 559 1034 late
567 987 683 1035 reluoenta

164 1065 276 1114 Exoritur
285 1065 421 1131 clamorque
429 1066 509 1114 sittim
517 1064 789 1132 clangorquetubsrum.
815 1071 820 1079 ’

204 1146 277 1193 Arme
288 1162 368 1194 emens
377 1146 455 1211 cepi03
467 1161 509 1194 nec
519 1156 555 1193 sat
564 1145 660 1192 rationis
670 1146 695 1192 in
705 1145 792 1209 atmis3

165 1224 210 1274 Sed
220 1225 349 1290 glomerare
357 1240 457 1273 monum
465 1224 529 1273 bello
534 1259 540 1283 ,
551 1234 574 1272 et
583 1237 721 1273 concurrere
730 1225 757 1272 in
766 1240 844 1274 arcem

164 1306 227 1354 Cum
236 1304 304 1369 sociis
315 1303 398 1353 erdent
408 1303 480 1352 enimi
490 1321 497 1351 a
509 1303 574 1351 furor
582 1303 664 1367 iraque
673 1314 787 1352 mentem-
858 1300 861 1304 ’

164 1382 324 1447 Praecipitant,
334 1379 509 1448 pulohmmque
518 1382 579 1430 mori
589 1381 704 1432 suecurrit
713 1383 739 1430 in
749 1385 827 1432 armis.

203 1465 263 1509 Eece
273 1474 354 1510 nutem
361 1461 414 1511 telis
424 1459 544 1509 Pentheus
553 1460 646 1526 elapsus
656 1459 789 1523 Achivom,

163 1539 283 1590 Pentheus
293 1541 411 1599 Ottiades,
421 1541 479 1590 arcis
488 1538 621 1606 Phoebique
631 1540 747 1600 sacerdos,

164 1621 232 1669 Seere
242 1637 326 1680 manu,
336 1620 456 1686 victosque
467 1624 539 1679 Deos,
549 1636 698 1686 parvumque
705 1631 820 1686 nepotem

164 1704 217 1765 lpse
227 1697 309 1758 trahit,
320 1716 438 1767 cursuque
448 1717 528 1749 amens
538 1700 567 1748 ad
576 1700 659 1748 limina
669 1700 752 1761 tendit.

165 1784 221 1843 Quo
231 1796 267 1829 res
277 1796 370 1829 summa
378 1781 441 1839 loeo,
448 1776 573 1829 Pantheo?
583 1795 656 1845 quam
665 1778 805 1845 prendimus
814 1776 906 1835 oseem?

163 1859 210 1910 Vix
220 1875 247 1907 ea
257 1855 319 1908 fatus
329 1876 405 1918 mam,
414 1861 504 1926 gemitu
513 1861 568 1909 cum
575 1859 633 1908 talia
641 1858 729 1908 reddit:

163 1937 236 1989 Venit
246 1954 338 1987 summa
347 1937 395 1987 dies
406 1950 429 1986 et
438 1938 589 1988 ineluctabile
597 1951 691 2004 tempus

164 2016 287 2066 Dardania
297 2036 303 2064 :
315 2017 403 2065 suimus
412 2021 497 2076 Troes,
508 2016 555 2067 fuit
563 2018 648 2078 Ilium,
657 2029 682 2066 et
688 2017 772 2082 ingens

164 2094 246 2144 Gloria
253 2100 398 2144 Teucrorum
409 2115 415 2144 ε
426 2097 489 2146 fetus
499 2097 578 2147 omnia
587 2097 697 2162 Iuppiter
707 2096 783 2162 Argos

162 2175 294 2224 Transtulit
305 2194 311 2223 ε
322 2176 416 2225 incense
426 2177 501 2226 Danai
511 2177 663 2225 dominantur
673 2177 699 2224 in
707 2175 775 2224 urbe.

163 2254 263 2304 Arduus·
270 2268 370 2304 armatos
379 2257 461 2311 mediis
471 2257 497 2304 in
506 2256 625 2304 moenibus
633 2255 727 2304 adstans

144 2365 151 2372 »
163 2334 253 2382 Fundit
263 2352 351 2400 equus3
361 2336 483 2400 victorque
491 2335 564 2384 Sinon
575 2334 681 2383 ineendia
689 2333 784 2383 miscet·

163 2413 282 2461 Insultans
292 2432 298 2460 :
310 2415 383 2479 portis
392 2416 431 2462 elii
440 2415 603 2482 bipatentibus
612 2413 701 2463 adsunt
706 2445 713 2470 ‚

162 2491 236 2543 Millia
247 2505 306 2556 quot
315 2494 405 2558 magnis
414 2495 538 2559 nunquam
548 2494 632 2541 venere
642 2493 760 2558 Mycenis.-

163 2568 280 2619 obsedere
291 2571 330 2619 alii
340 2572 392 2620 telis
402 2585 500 2638 angusta
509 2573 604 2622 viarum

163 2651 272 2715 Oppositi
284 2668 289 2697 :
300 2662 346 2698 stat
356 2649 410 2699 seni
420 2651 479 2700 acies
488 2667 601 2701 mucrone
609 2660 707 2699 eumaeo

163 2728 259 2787 Stricta,
269 2741 350 2794 parata
360 2731 411 2779 neci
421 2749 428 2779 ι
439 2731 479 2779 vix
488 2731 560 2795 primi
568 2730 649 2796 prelia
658 2740 752 2778 teneant

165 2811 288 2857 Portarum
297 2809 390 2873 vigiles,
401 2821 424 2858 et
433 2826 493 2860 casco
502 2815 577 2860 Marte
586 2810 705 2859 resistunt

162 2886 260 2935 Talibus
270 2887 373 2937 Otriadae
379 2888 447 2939 dictis
457 2902 481 2939 et
490 2891 588 2939 numine
599 2888 688 2938 nivem

163 2982 189 3020 r.
205 2965 269 3017 336.
