1974 3772
190 273 246 315 ano
405 255 536 303 PUBLH
555 255 726 305 VIRGlLll

191 355 373 418 chalcidiclque
380 352 440 401 levis
449 352 545 401 tandein
555 351 715 416 supersdstitit
725 369 783 402 arce.

190 435 308 490 Redditus
318 431 355 482 his
365 432 471 497 primum
479 432 559 490 terris,
569 431 625 489 ubi,
636 424 737 491 Phoebe,
748 436 847 483 secrnit

192 513 328 578 Remigium
336 499 439 570 elerum,
449 511 577 576 posuitque
587 511 698 561 immanis
708 507 803 577 templu

192 599 220 642 ln
231 593 322 642 foribus
331 592 407 639 letum
415 590 554 654 Androgeo:
564 591 617 638 tum
625 589 728 656 pendere
737 606 822 657 poenns

191 671 327 737 Cecropidae
338 668 410 734 jussi,
419 669 545 718 miserum!
557 681 652 734 septena
661 673 788 734 quotannis

191 754 298 816 Corpora
308 761 433 808 ustorum
443 760 488 797 stat
498 748 574 796 ductis
583 748 686 798 sortibus
696 765 764 798 urna.

191 831 280 879 Conari
290 829 350 877 eluta
359 828 419 877 muri
429 827 555 892 respondet
563 827 652 876 Gnosis
661 828 737 876 tellus.

192 910 238 960 Hic
246 909 347 958 crudelis
357 908 506 964 murmuri,
517 899 677 971 suppostaque
685 907 750 956 furto

192 985 319 1053 PasiphsE,
330 980 480 1051 mixiumque
491 1000 576 1050 genus,
586 986 710 1051 prolesque
720 985 828 1036 biformis

192 1068 340 1118 Minotaurus
351 1067 423 1124 inest,
433 1064 532 1115 Veneris
541 1076 695 1113 monuments
705 1066 818 1116 nefandae.
883 1089 886 1093 ¹

192 1149 237 1196 Hic
247 1146 314 1196 labor
322 1145 361 1194 ille
371 1145 469 1202 domus,
479 1155 503 1192 et
512 1143 677 1192 inextricabilis
687 1161 757 1193 error.

191 1230 307 1292 Magnum
314 1215 409 1291 Regina
419 1223 532 1272 sedenim
542 1223 664 1272 miseratus
674 1234 779 1277 umorem

168 1344 171 1351 ,
192 1305 316 1364 nudatus,
325 1303 375 1368 ipse
385 1303 451 1352 dolos
461 1303 515 1350 tecti
525 1301 680 1368 ambagesque
685 1304 798 1362 'resolvit‚

191 1388 259 1434 neos
268 1398 350 1448 regens
360 1376 514 1446 filouestigiu
524 1386 563 1430 lu
572 1397 668 1447 quoque
675 1397 786 1448 magnum

192 1466 286 1512 Partem
295 1477 366 1526 opere
375 1462 401 1509 in
410 1472 489 1520 tento,
499 1461 586 1509 sineret
594 1461 662 1510 dolor
667 1495 674 1519 ,
684 1467 761 1521 luere,
770 1458 875 1510 haberes.

191 1542 231 1591 uis
239 1552 337 1591 conatus
346 1553 396 1589 erut
406 1557 472 1589 casus
482 1538 589 1607 effingere
599 1539 625 1587 in
634 1556 706 1593 auro:

192 1621 230 1669 Bis
240 1621 321 1686 patrie
331 1620 433 1669 cecidere
441 1633 533 1668 munus.
545 1620 611 1683 Quin
620 1618 729 1683 prutiniu
739 1619 819 1669 omnia

192 1700 340 1766 Perlegerent
348 1700 436 1757 oculis,
446 1699 471 1746 ni
481 1696 528 1762 ja'm
538 1696 672 1763 praemissus
682 1695 786 1747 Achates

192 1778 295 1836 Alione,
306 1790 377 1842 atque
385 1781 434 1826 una
443 1776 528 1827 Phoebi
535 1777 669 1841 Triviaeque
678 1775 799 1836 secenum

193 1855 316 1922 Deiphobe
327 1858 422 1916 Glauci,
432 1858 495 1905 satur
505 1872 559 1921 quae
566 1856 621 1904 talia
630 1857 701 1922 Regi:

193 1938 246 1984 lion
255 1934 301 1985 boc
310 1936 354 1984 istu
364 1936 409 1983 sibi
419 1947 513 2000 tempus
523 1935 654 2000 spectacula
662 1935 751 1999 poscit3

193 2018 261 2064 Nunc
272 2031 339 2080 grege
349 2015 378 2062 de
388 2014 475 2062 intacto
486 2026 576 2079 septem
585 2026 686 2062 muctare
695 2012 818 2077 iuveuoee'
856 2005 867 2014 ⁵

192 2093 339 2151 Praestituit,
350 2092 448 2142 totidem
457 2094 528 2143 lectas
538 2094 567 2142 de
576 2108 641 2141 more
650 2092 766 2143 bidentes.
786 2144 791 2153 Ι

232 2173 329 2222 Talibus
338 2171 406 2221 affetu
416 2177 506 2221 AEnean
514 2174 572 2238 (nec
582 2188 645 2221 encra
654 2184 780 2220 morentur

193 2259 261 2301 Jusen
271 2253 443 2316 viri).Teuor0s
453 2264 522 2300 vocat
532 2253 577 2300 altu
587 2251 612 2298 in
623 2251 710 2316 temple
720 2249 834 2299 sacerdos.
845 2272 847 2276 ’

194 2333 304 2381 Excisum
313 2332 424 2380 Euboicae
434 2333 496 2380 lutus
506 2331 588 2396 ingens
597 2330 663 2395 rupie
673 2330 698 2377 in
709 2342 818 2395 suumn,

194 2413 250 2475 Quo
260 2410 301 2458 lati
311 2410 402 2458 ducunt
411 2410 489 2459 adluis
498 2423 606 2470 centum,
616 2409 675 2458 ostie
685 2420 796 2470 centum3

192 2490 263 2539 Unde
272 2502 347 2539 ruunt
355 2489 454 2538 totidem
462 2506 532 2538 voces
537 2525 543 2548 ,
554 2504 665 2554 responsu
673 2487 778 2552 Sibyllae.

231 2573 338 2621 Ventum
346 2582 395 2618 erat
405 2568 434 2617 ad
444 2570 529 2627 limen,
539 2571 596 2618 cum
604 2569 670 2632 virgo
682 2603 688 2624 ,
698 2571 797 2614 Poscere
807 2563 856 2614 sata

190 2651 310 2712 Tempus,
320 2649 367 2698 ait:
379 2653 454 2707 Deus,
465 2664 529 2707 ecce,
541 2652 610 2696 Deus.
621 2647 666 2695 Cui
676 2646 733 2694 tulis
744 2644 802 2693 buti

127 2773 130 2778 .
193 2727 255 2775 Ante
265 2726 338 2787 sores,
348 2728 427 2776 subito
437 2743 485 2775 non
495 2728 590 2785 vultus,
599 2743 648 2774 non
658 2725 723 2772 color
734 2740 809 2780 unus,

193 2810 246 2854 ll'on
256 2819 356 2870 compte
365 2808 470 2855 mansere
480 2822 566 2866 comae3
577 2805 618 2853 sed
625 2816 708 2869 pectus
718 2800 831 2850 anbelum

194 2889 223 2933 Et
232 2883 297 2932 rabie
307 2884 355 2934 sera
365 2885 434 2935 corda
444 2897 550 2946 tument,
558 2883 681 2950 majorque
691 2881 778 2937 videri,

195 2982 219 3016 v.
237 2965 282 3030 49.

53 3366 288 3548 w
