1974 3772
182 266 234 331 ηδ
383 264 513 312 runnu
532 259 706 316 t'tnottrt

174 364 351 415 transmittunt
358 379 430 411 cursu
437 379 542 427 campos,
553 374 623 426 atque
633 362 726 427 agmina
735 343 799 412 cerii

179 443 343 494 Pulvernlenta
354 441 409 507 fugi
419 442 558 506 glomerant,
568 453 708 507 montesque
717 442 864 508 relinquunt

176 525 209 572 At
218 538 279 588 puer
288 522 403 569 Ascanius
411 521 494 570 mediis
503 521 528 568 in
537 521 639 570 vallibus
649 521 695 570 acri

176 602 272 652 Gaudet
282 612 357 665 equo;
368 599 463 664 jamque
472 597 518 648 lios
527 614 609 658 eursu,
619 598 668 663 jam
677 602 780 666 praeterit
790 600 844 651 illos
850 619 858 660 ;

175 683 378 746 Spumantemque
388 678 438 727 dari
448 696 532 744 peoora
542 680 603 728 inter
613 679 695 728 inertia
704 681 769 727 rotis

175 763 249 826 Optat
259 775 357 823 aprum,
367 771 409 806 aut
419 759 513 806 fulvum
522 757 661 807 descendere
669 769 751 807 monte
760 759 863 809 leonem.

173 893 181 909 .
216 840 306 887 luterell
315 852 401 903 magno
411 837 502 886 misceri
511 853 633 885 murmure
643 838 730 886 ooelum

176 917 274 982 lucipit;
286 917 418 982 insequitur
426 917 553 964 commixta
562 915 676 981 grandine
685 913 802 966 nimbus
857 910 863 919 ’

176 1001 206 1046 Et
215 996 282 1062 'lyrii
291 996 387 1043 comites
397 995 497 1061 passlm,
509 1005 533 1043 et
540 993 642 1058 Trojano
652 993 777 1058 juventus,

69 1118 76 1129 ,
176 1074 354 1138 Dardaniusque
365 1090 438 1138 nepos
448 1074 559 1132 veneris,
569 1073 660 1122 diversa
666 1090 713 1140 per
722 1090 790 1140 agros

174 1159 246 1203 Tecta
255 1165 322 1201 metu
332 1153 432 1218 petiere:
443 1165 517 1201 ruunt
526 1152 555 1201 de
564 1153 687 1201 montibus
697 1169 785 1203 amnes.

175 1233 317 1299 speluncam
327 1232 388 1280 Dido
402 1232 451 1281 dux
461 1243 484 1280 et
492 1229 609 1295 Troianus
618 1233 724 1281 eamdem

176 1312 312 1360 Deteniunt
322 1329 327 1358 :
338 1310 415 1376 primi
425 1322 448 1359 et
457 1310 537 1359 Tellus
545 1322 569 1359 et
577 1311 687 1376 pronubo
698 1311 765 1362 June

174 1395 239 1439 Dant
247 1391 355 1455 signum-3
366 1389 451 1438 fulsere
459 1389 525 1455 ignes
536 1402 559 1438 et
569 1390 675 1441 conscius
685 1388 759 1439 aether

174 1469 308 1527 Connuhii,
318 1485 459 1535 summoque
467 1468 590 1518 nlullrunt
598 1471 685 1519 vertice
693 1470 820 1535 Nympha.

173 1549 217 1598 llle
228 1549 277 1598 dies
287 1548 378 1614 primus
388 1549 429 1598 leti
439 1549 577 1615 primusque
586 1551 705 1598 malornm

173 1632 251 1679 Causa
261 1628 307 1677 fuit
318 1647 323 1676 :
335 1644 412 1694 neque
423 1628 487 1676 enim
495 1629 572 1693 specie
582 1625 673 1677 famlve
683 1640 807 1686 movetur,

175 1713 222 1759 Nec
232 1707 281 1772 jam
290 1708 407 1757 furtivum
417 1707 479 1756 Dido
488 1707 616 1756 meditatur
624 1723 743 1768 amorem3

173 1787 319 1855 Conjugium
329 1799 410 1849 vocat,
420 1785 466 1836 ltoc
473 1787 580 1852 praetexit
590 1787 685 1836 nomine
695 1786 797 1853 culpam

214 1869 340 1933 Extemplo
350 1867 432 1935 Libyes
442 1879 540 1933 magnas
547 1866 566 1914 it
576 1869 649 1915 Fama
657 1883 700 1932 per
709 1865 795 1926 urbes3

174 1949 261 2005 Fama,
271 1947 362 1995 malum
371 1963 419 2013 quo
431 1964 479 1995 non
489 1946 554 1995 aliud
562 1946 666 1994 velocius
676 1945 768 1999 ullum}

175 2025 306 2076 Mobilitate
316 2027 391 2092 viget,
402 2027 510 2103 viresque
521 2026 619 2090 acquirit
629 2024 720 2074 eundo:
735 2089 738 2093 ι

174 2109 250 2154 Parva
260 2116 325 2153 metu
335 2106 426 2170 primb3
437 2121 493 2154 mox
503 2122 551 2154 sese
562 2105 647 2153 attollit
657 2105 680 2152 in
691 2119 772 2162 auras,

141 2196 146 2203 ‘
173 2184 354 2249 Ingrediturque
363 2186 423 2243 solo,
434 2196 457 2233 et
466 2196 539 2250 eaput
549 2183 609 2233 inter
618 2184 700 2231 nubila
710 2181 798 2231 condit.
864 2245 867 2248 y

175 2263 244 2312 Illam
252 2268 323 2311 Terra
332 2264 430 2329 parens,
440 2265 475 2313 iri
484 2264 572 2312 notata
584 2268 700 2320 Deorum,

176 2346 311 2391 Extremam
321 2344 363 2407 (ut
371 2341 512 2408 perhibent)
522 2346 580 2392 (ατο
591 2341 755 2404 Enceladoque
765 2352 869 2388 sororem

175 2422 314 2488 Progenuit‚
324 2421 425 2484 pedibus
436 2422 534 2472 celerem
544 2434 568 2470 et
576 2420 711 2489 pernicibus
721 2419 763 2466 alis
774 2437 780 2464 z
866 2424 873 2440 “

173 2501 308 2550 Monstrum
314 2498 565 2566 horrendum‚inqens;
572 2501 619 2558 eui,
626 2512 685 2563 quot
690 2510 746 2546 sunt
751 2496 948 2563 cmporc'plumtt,

173 2584 221 2628 Tot
230 2580 312 2645 vigiles
323 2580 385 2627 oculi
394 2582 476 2629 subter
486 2580 607 2644 (mirabile
617 2577 709 2641 dictu),
764 2632 767 2637 ¹
796 2584 799 2590 ’

174 2663 220 2708 Tot
230 2659 330 2725 linguae,
339 2659 439 2707 totidem
448 2676 489 2708 ora
499 2671 595 2718 sonant,
606 2670 641 2707 tot
650 2656 750 2722 subrigit
763 2671 837 2705 auree.

175 2741 248 2789 Nocte
258 2739 323 2787 volet
332 2739 386 2787 eoeli
395 2738 473 2786 medio
483 2749 606 2804 terraque,
616 2754 660 2803 per
669 2732 780 2819 nqibram

175 2817 292 2876 Stridens,
303 2834 346 2866 nee
355 2817 419 2867 dulci
428 2817 529 2866 declinat
537 2818 629 2866 lumino
638 2832 729 2865 somno.

176 2899 239 2946 Luce
249 2896 313 2946 sedet
320 2908 411 2959 custos,
422 2908 464 2946 sut
472 2898 559 2947 summi
569 2896 671 2947 culmine
681 2893 748 2950 teeti,

175 2991 202 3027 v.
224 2975 285 3026 186.
