1974 3772
341 208 468 257 AENEl-S.
488 211 556 258 ΜΒ.
577 212 642 259 ,vlt
812 207 864 264 255

123 306 227 358 Tandem
237 308 304 356 lactus
314 307 361 356 ait:
374 310 403 356 Di
414 320 493 360 nostra
502 307 595 373 incepta
604 308 745 369 secundent,

121 377 303 455 ¹Auguriumque
313 405 390 437 suum.
402 387 515 447 Dabitur,
524 386 638 452 Troiane,
647 389 714 453 quod
723 402 799 456 optas.

122 473 220 518 Munera
231 484 273 516 nec
282 484 367 533 spemn
379 486 385 514 :
396 483 444 515 non
455 467 535 526 vobis,
545 484 597 534 rege
608 469 706 530 Latino,

123 548 207 596 Divitis
215 548 275 595 uber
285 547 333 612 agri
343 545 449 610 Trojaeve
458 547 578 611 opulentia
589 547 668 596 deerit.

123 631 174 692 lpse
184 627 256 674 modo
264 631 349 674 AEneas
358 626 446 690 (nostri
456 627 474 674 si
485 638 549 674 tanta
558 626 644 692 cupido
655 639 702 686 eat,

122 707 146 754 Si
156 704 222 771 jungi
232 703 335 771 hospitio
345 717 468 772 properat,
478 707 601 770 sociusque
611 706 704 771 vocari)

122 785 253 845 Adveniat3
264 785 413 846 vultusneve
422 782 570 833 exhorrescat
579 785 672 834 amicos.

121 868 177 912 Pars
188 862 246 912 mihi
256 864 319 928 pacis
329 864 373 912 erit
383 863 488 913 dextram
498 864 599 930 tetigisse
609 865 711 930 tyranni.

120 947 171 997 Nos
181 944 262 992 contri
271 943 328 1008 Regi
339 961 391 992 mea
401 961 465 992 nunc
474 944 584 992 mandata
594 943 685 993 referte.

122 1027 163 1071 Est
174 1021 232 1070 mihi
242 1035 310 1083 nata,
320 1023 371 1070 viro
381 1024 456 1088 gentis
466 1040 539 1088 quam
548 1021 643 1089 jungere
655 1035 740 1072 nostrae
746 1058 753 1085 ,

121 1105 174 1151 Nan
185 1102 261 1166 patrio
272 1118 299 1150 ex
310 1102 382 1167 adyto
391 1115 477 1160 sortes,
487 1120 536 1151 non
545 1103 648 1167 piurima
658 1102 719 1152 ooelo

120 1184 226 1230 Monstra
237 1181 318 1228 sinunt
329 1199 334 1228 :
346 1196 442 1246 generos
452 1182 552 1229 externis
562 1181 634 1229 affore
643 1181 674 1229 ab
683 1182 744 1241 oris,

121 1265 175 1310 Hoc
186 1260 252 1308 Latio
263 1272 347 1309 restare
357 1272 458 1318 canunt,
468 1260 510 1325 qui
519 1261 632 1325 sanguine
642 1270 750 1310 nostram

121 1342 213 1389 Nomen
224 1339 249 1387 in
259 1351 319 1388 astra
328 1338 409 1388 serant.
421 1344 491 1388 Hunc
501 1340 569 1388 illum
578 1356 675 1405 poscere
685 1340 733 1388 fata

122 1423 153 1468 Et
162 1434 224 1475 reor,
235 1430 258 1466 et
268 1412 302 1482 (ai
312 1419 371 1482 quid
380 1420 431 1468 veri
439 1435 506 1467 mens
516 1419 629 1491 augurat)
640 1432 706 1484 opto,

161 1503 217 1546 Haec
227 1497 320 1556 effatus,
330 1514 404 1562 equos
414 1514 513 1547 numero
522 1510 590 1562 pater
599 1498 663 1562 eligit
672 1495 744 1548 omni.

120 1577 220 1627 Stabant
231 1588 363 1638 tercentum
372 1577 440 1625 nitidi
451 1577 476 1625 in
484 1577 630 1643 praesepibus
640 1577 699 1625 altis.

121 1656 239 1704 Omnibus
250 1656 368 1721 extemplb
376 1655 472 1705 Teucris
482 1652 550 1718 jubet
559 1655 640 1704 ordine
651 1648 707 1706 duci
725 1709 727 1713 y

122 1724 235 1785 lustratos
244 1746 308 1783 ostro
318 1735 421 1800 alipedes
430 1733 545 1799 pictisque
555 1734 645 1799 tepetis.

120 1813 200 1864 Aurea
209 1813 344 1878 pectoribus
352 1812 452 1862 demissa
461 1813 558 1862 monilia
568 1813 673 1878 pendent
683 1831 689 1861 :

120 1895 186 1941 Tecti
196 1910 267 1953 auro,
276 1893 371 1942 fulvum
380 1893 497 1942 mandunt
506 1893 552 1941 sub
560 1892 671 1942 dentibus
681 1908 773 1943 altrum.

122 1972 220 2020 Absenti
230 1976 309 2036 AEneae
319 1990 415 2022 currum
425 1974 576 2040 geminosque
587 1970 674 2038 jugales

122 2052 214 2101 Semine
225 2051 255 2098 ab
265 2049 379 2112 aethereo,
388 2053 502 2118 spirantes
511 2052 608 2101 naribus
618 2053 709 2118 ignem,

122 2131 220 2178 illorum
230 2131 259 2179 de
268 2143 337 2196 gente
344 2168 350 2190 ,
358 2133 420 2196 patri
428 2149 489 2198 quos
500 2132 595 2180 Daedala
604 2133 670 2182 Circe

123 2211 248 2274 Suppositi
259 2210 288 2258 de
297 2223 371 2259 matre
381 2209 467 2259 nothos
476 2211 552 2259 furata
562 2210 655 2259 creavit

122 2289 218 2336 Talibus
228 2288 338 2338 AEneadoe
348 2289 416 2338 donis
427 2289 540 2355 dictisque
551 2289 628 2338 Latini

122 2368 238 2417 Sublimes
248 2370 272 2416 in
284 2369 350 2434 equis
360 2369 471 2428 redeunt,
481 2384 610 2435 pacemque
621 2379 747 2434 reportant.

160 2453 220 2496 Ecce
230 2461 310 2496 autem
320 2447 420 2497 inachiis
431 2465 479 2498 sese
490 2447 603 2497 reserabat
613 2449 643 2497 ab
654 2448 721 2515 Argis

121 2527 187 2575 Saeva
195 2532 208 2574 J
210 2528 261 2576 ovis
269 2525 368 2592 conjux,
379 2545 493 2595 aurasque
501 2528 593 2578 invecta
602 2529 710 2588 tenebat3

122 2609 152 2652 Et
161 2606 242 2654 laetum
252 2612 354 2668 AEnean,
365 2609 507 2674 classemque
518 2625 545 2658 ex
555 2606 640 2657 aetbere
650 2608 719 2673 longi
768 2616 777 2638 t

122 2685 264 2733 Dardaniam
275 2687 352 2735 Siculo
362 2688 482 2754 prospexit
491 2688 522 2737 ab
531 2704 605 2752 usque
616 2684 739 2754 Pachyno..

122 2763 200 2811 Moliri
210 2762 258 2826 jam
267 2778 327 2815 tecta
338 2767 413 2825 videt,
424 2765 472 2831 jam
482 2765 553 2816 fidere
563 2779 642 2827 tanae,

122 2845 255 2894 Dcseruisse
264 2857 325 2894 rates
336 2865 342 2894 ι
353 2847 417 2902 stetit
426 2849 473 2896 acri
483 2843 529 2896 fixa
538 2847 625 2909 dolore.
691 2901 694 2907 ,

123 2941 147 2974 v.
168 2939 230 2990 291.
