1974 3772
173 265 227 316 300
383 261 512 310 PUBLH
532 260 705 313 vntum!

166 365 217 411 ·0m
228 375 289 426 puer
298 360 374 426 primu
383 358 476 424 signans
486 356 579 407 intonsa
588 355 692 422 juventi.

172 441 215 490 His
226 456 291 489 emor
300 455 363 487 unus
372 450 433 497 eret,
443 438 576 504 pariterque
585 438 611 486 in
620 436 809 502 beileiuielinn13

171 522 235 568 Tum
245 534 339 584 quoque
349 518 469 568 communi
478 529 571 582 portem
579 517 678 566 actione
688 517 809 569 tenebunt.

212 599 281 646 Nisus
292 598 323 646 cit
334 615 344 645 :1
353 597 412 646 mne
422 594 487 646 hunc
496 594 604 647 neuen
612 596 732 645 mentibu
742 598 851 659 addunt,

173 674 292 743 Euryale?
303 692 334 724 un
342 692 384 724 suu
394 675 480 742 cuique
491 679 554 724 Deus
564 671 591 724 fit
600 675 650 724 dire
657 674 765 741 mpidc?

172 757 222 805 Aut
230 769 348 821 pugnam,
358 766 400 804 eut
408 755 498 821 aliquid
508 753 648 818 jamdudum
657 755 768 804 invadere
777 773 910 825 magnum,

172 837 239 883 Mene
248 834 319 899 agitet
328 831 400 892 mihi,
411 850 453 884 nec
463 833 555 898 placidi
564 845 673 884 contenta
682 834 762 898 quiete
772 848 816 887 cet.

170 913 266 971 Cernis,
275 927 329 978 quoe
339 913 441 962 Rutulos
450 910 537 961 hubent
547 908 631 961 fiducia
641 928 720 961 rerum
731 931 737 961 :

173 993 273 1041 Lumine
283 1008 334 1040 rara
343 991 447 1053 micent3
457 1007 541 1040 somno
551 991 654 1056 vinoque
663 992 735 1040 soluti

174 1071 334 1132 Procuhuere3
345 1072 415 1120 silent
423 1071 470 1120 late
478 1070 537 1119 locu.
548 1071 643 1136 Percipe
652 1072 725 1135 pond

90 1194 93 1208 ,
173 1150 240 1216 Quid
248 1149 369 1209 dubitem,
378 1162 402 1200 et
411 1167 464 1215 qum
473 1165 537 1199 nunc
545 1149 623 1197 animo
633 1150 747 1198 sententia
758 1163 848 1218 surget

172 1234 262 1278 AEnesn
272 1230 340 1279 acciri
350 1229 603 1294 omnes‚p0pulusque
613 1239 737 1293 putresque
880 1230 885 1237 '

173 1312 320 1373 Exposcunt‚
331 1308 439 1373 mittique
449 1309 513 1356 vims
522 1307 565 1372 qui
574 1318 636 1356 cette
645 1318 773 1372 reportent.

172 1388 196 1436 Si
206 1386 249 1434 tihi
259 1403 313 1451 quae
322 1402 393 1451 posco
404 1387 547 1450 promittunt
557 1386 567 1452 (
572 1376 628 1435 nem
635 1383 694 1435 mihi
704 1383 760 1436 fecti

171 1468 244 1514 Fumn
254 1477 289 1513 set
299 1465 361 1528 est),
371 1466 465 1514 tumulo
475 1465 556 1513 videor
566 1464 667 1529 reperire
676 1465 724 1513 sub
733 1465 775 1515 iilo

171 1547 240 1593 Posse
250 1545 314 1592 viam
322 1545 351 1593 nd
360 1560 441 1593 muros
451 1555 475 1592 et
484 1544 571 1593 moenie
580 1543 706 1592 Pallantea.

210 1623 353 1688 Obstupuit,
362 1640 448 1690 magno
458 1623 557 1672 laudum
565 1622 686 1688 perculsus
696 1638 790 1683 amore,

171 1702 302 1769 Euryalus5
313 1704 384 1751 simul
393 1701 431 1752 his
441 1703 560 1752 ardentem
569 1701 653 1750 effatur
663 1703 767 1752 amicum
777 1721 784 1751 ε

171 1785 239 1830 Mene
248 1781 320 1846 igitur
329 1782 420 1831 socium
427 1782 524 1831 summis
534 1779 660 1848 adjungere
669 1781 755 1842 nebus,

172 1859 235 1919 Nise,
245 1858 321 1926 fugis?
332 1862 410 1909 solum
423 1871 446 1909 te
456 1861 481 1910 in
491 1875 555 1914 tantu
563 1862 667 1928 pericula
676 1859 786 1913 mittem?

171 1943 224 1987 Non
234 1939 266 1986 itu
273 1955 312 1987 me
322 1940 412 2004 genitor
421 1939 490 1988 bellis
499 1951 605 1988 assuetus
614 1935 728 2002 Opheltes
758 1978 761 1983 .

171 2017 307 2083 Argolicum
316 2028 429 2066 terrorem
438 2018 499 2071 intet
507 2015 630 2082 'Itojaeque
640 2016 732 2065 labores

171 2096 296 2144 Sublatam
305 2096 403 2155 erudiit3
414 2107 456 2145 nec
466 2108 545 2145 tecum
555 2097 609 2144 teliu
619 2095 691 2161 gessi,
752 2108 755 2117 ·

170 2176 348 2240 Magnanimum
356 2179 446 2225 AEneun
457 2187 480 2223 et
489 2177 536 2224 satu
547 2188 647 2225 extreme
657 2187 758 2226 secutus.

90 2301 95 2307 ,
171 2258 213 2302 Est
219 2252 271 2312 hic,
282 2266 316 2304 est
326 2254 419 2304 enimus
428 2256 487 2304 lucie
495 2267 654 2321 contemptor,
665 2266 688 2303 et
697 2255 772 2304 istum

172 2333 220 2398 Qui
228 2333 277 2382 viti
285 2334 347 2382 bene
357 2334 435 2383 credat
444 2334 503 2394 emi,
512 2352 562 2400 quo
572 2335 660 2392 tendis,
669 2331 793 2383 honorem.

209 2413 279 2460 Nisus
287 2413 317 2461 ud
326 2410 377 2461 haec
388 2431 393 2459 :
405 2413 521 2477 Equidem
530 2414 559 2462 dc
569 2426 592 2460 te
602 2413 637 2460 nil
646 2412 692 2460 tale
701 2413 814 2472 verebar,

170 2493 217 2539 Nec
227 2487 275 2550 ἕως
286 2501 335 2540 non·
345 2509 351 2539 ε
362 2491 394 2539 itn
403 2508 441 2539 me
452 2490 535 2540 referat
544 2492 588 2538 tihi
597 2506 696 2557 magnus
706 2504 820 2541 ovantem

170 2571 291 2634 Juppiter,
302 2582 343 2619 aut
352 2571 488 2636 quicunque
497 2571 571 2619 oculis
580 2569 630 2619 hec
638 2569 721 2634 aspicit
730 2570 814 2634 equis:

169 2649 227 2707 Sed,
238 2649 257 2698 si
268 2651 322 2715 quis
332 2650 400 2714 (quae
412 2651 486 2698 multu
497 2650 562 2698 vides
572 2649 705 2698 discrimine
715 2649 786 2714 teli),

169 2729 194 2776 si
204 2728 257 2792 quis
267 2729 291 2775 in
302 2727 427 2776 adversum
435 2729 511 2795 rapiut
521 2744 617 2778 casusve
628 2731 734 2786 Deusve,

168 2810 203 2854 Te
212 2821 332 2873 superesse
342 2806 428 2854 velim:
439 2819 480 2856 tue
490 2807 539 2856 vitu
548 2806 640 2872 dignior
650 2817 714 2855 σθω(
811 2842 815 2846 -

169 2884 204 2933 Sit
211 2886 253 2952 qui
262 2901 301 2936 me
311 2896 405 2959 mptum
414 2888 507 2953 pugni,
517 2887 622 2954 pretiove
630 2885 794 2953 redemptum,

170 2980 196 3017 v.
214 2969 277 3018 213.
