1974 3772
333 207 460 256 arms.
483 209 549 255 nm.
570 210 650 259 v111.
812 209 861 271 287

122 306 212 356 Arrunti
221 305 408 363 circumsistunt,
418 307 555 370 ipsumque,
565 306 724 368 domumque;
823 309 824 313 ’

121 387 270 434 Obtruncant
280 386 367 444 eoci0s;
378 386 456 450 ignem
466 385 495 433 ad
504 385 595 450 fastigia
605 383 698 448 jactant.

123 466 163 513 llle
174 465 317 513 intercades
327 466 471 514 Rutulorum
480 465 572 528 elapsus
583 466 607 512 in
617 481 684 530 agros

121 544 253 608 Confugere
259 580 268 616 ,ι
276 556 300 591 et
308 544 383 592 Turni
394 543 513 593 defendier
522 542 620 608 hospitis
630 545 708 592 armis.

122 627 183 688 Ergo
194 624 270 677 omnis
280 621 346 671 furiis
356 624 455 671 surrexit
465 624 559 671 Etruria
569 621 636 684 justis
646 641 652 671 z

121 705 210 768 Regem
220 703 250 750 ad
259 702 402 767 supplicium
411 704 520 767 praeuenti
530 707 605 751 Marte
615 688 758 766 reposcunt(

123 783 164 829 His
173 799 215 847 ego
226 795 261 841 te,
272 786 357 839 AEnea,
368 781 488 831 ductorem
498 781 603 830 millibus
613 781 705 830 addam.

121 865 181 909 Toto
192 877 293 926 namque
304 859 407 910 fremunt
416 861 538 910 condensae
549 862 626 910 littore
635 877 742 927 puppes,

121 941 238 1005 Signaque
248 939 306 988 ferre
316 938 407 1004 iubent
416 942 510 990 Retinet
518 941 639 1007 longaevus
649 939 779 1006 haruspex,
818 988 822 999 ,

121 1023 179 1068 Fata
188 1036 273 1068 canens
285 1039 291 1066 :
301 1022 323 1068 0
332 1018 437 1068 ntaeoniae
447 1017 536 1066 delecta
545 1016 670 1079 juventus,

123 1100 176 1147 alos
187 1111 294 1146 verenam
301 1095 679 1162 virtusquenunquamne
689 1098 714 1147 in
724 1097 816 1147 hortem

122 1180 176 1226 Fert
187 1177 269 1234 dolor,
280 1188 304 1225 et
312 1177 396 1225 merite
405 1177 510 1225 accendit
519 1177 650 1224 Mezentius
658 1176 704 1235 ira,

122 1257 186 1306 Nulli
197 1253 231 1303 fes
241 1256 299 1304 Italo
310 1268 400 1304 tentem
408 1254 550 1322 subjungere
560 1248 666 1322 gentem

122 1340 235 1385 Externos
244 1347 324 1400 optate
333 1336 410 1384 duces.
421 1338 484 1384 Tlrm
495 1341 590 1385 Etrusca
601 1336 686 1385 resedit

122 1421 172 1464 Hoc
182 1417 241 1463 acies
251 1431 345 1480 campo,
354 1414 450 1463 monitis
460 1416 567 1464 exterrita
576 1417 671 1464 Divum.

122 1501 174 1561 lpse
185 1506 288 1543 oratores
296 1494 326 1543 ad
335 1511 374 1542 me
384 1496 496 1560 regnique
505 1508 618 1544 coronam

121 1578 184 1623 Cum
193 1586 284 1639 sceptra
294 1574 370 1633 misit,
380 1574 523 1638 mandatque
533 1572 632 1638 insignia
641 1569 763 1629 Tarchon,
856 1561 859 1566 ⁸

122 1653 250 1701 Succedam
259 1653 349 1712 eastris,
359 1649 529 1719 Tyrrhenaque
539 1668 610 1718 regna
617 1667 750 1717 capeasam

122 1733 167 1780 Sed
176 1730 236 1780 milri
246 1733 311 1781 tarda
321 1732 376 1798 gelu
385 1732 497 1796 sedisque
506 1731 575 1780 effeta
584 1742 691 1780 senectus

122 1811 214 1860 Invidet
224 1811 363 1876 imperium,
373 1827 476 1876 seroeque
486 1812 516 1859 ad
526 1809 595 1859 fortia
604 1811 673 1859 vires.

122 1893 210 1937 Natum
219 1888 362 1950 exhortarer,
373 1892 397 1938 ni
407 1893 494 1939 mixtus
503 1903 578 1940 matre
585 1889 678 1939 tabem

124 1970 183 2018 Hinc
193 1981 283 2034 partem
292 1971 374 2035 patrie
383 1969 491 2021 traheret.
501 1975 553 2028 Tu,
562 1968 631 2034 cuitu
640 1981 663 2017 et
671 1970 739 2022 annie

123 2053 153 2096 Et
163 2049 241 2115 generi
250 2049 326 2097 saturn
334 2048 451 2116 indulget,
461 2067 534 2116 quem
544 2051 643 2099 numina
652 2059 763 2114 poscunt,

123 2129 244 2193 Ingredere
249 2165 257 2190 ,
268 2129 283 2175 ὀ
292 2131 411 2178 Teucrum
418 2142 489 2193 atque
497 2130 584 2178 ltaldrn
594 2129 719 2179 fortissime
731 2128 820 2177 ductor.

123 2212 192 2255 Hunc
201 2208 245 2254 tihi
254 2210 379 2272 praeterea,
389 2224 442 2272 spes
449 2219 474 2256 et
483 2209 564 2256 solatia
574 2207 661 2266 nostri,

123 2287 227 2334 Pallanta
237 2284 370 2351 adjungam.
382 2286 432 2333 Sub
441 2297 464 2334 te
474 2288 572 2335 tolerare
581 2287 692 2351 magistro

124 2366 230 2413 llilitiem
240 2377 263 2413 et
272 2381 342 2430 grave
351 2365 432 2413 Martie
443 2382 516 2430 opus,
526 2377 567 2414 tua
576 2380 670 2415 canere
679 2361 739 2414 ficte

122 2446 258 2502 desuescat,
269 2444 352 2508 primis
362 2457 386 2493 et
395 2456 418 2492 te
427 2446 525 2494 miretur
536 2445 566 2494 ab
576 2444 650 2493 annis.

123 2523 224 2572 Arcadas
234 2521 290 2572 huic
299 2524 389 2590 equites
398 2524 435 2572 bis
444 2536 553 2583 pennam,
563 2525 647 2573 robora
657 2522 728 2587 pubis

123 2606 205 2663 lecta,
216 2603 290 2662 dabo,
299 2603 445 2668 totidemque
454 2621 498 2653 suo
508 2604 552 2653 tihi
562 2604 657 2652 nomine
667 2602 748 2651 Pallae.

162 2682 209 2731 Vix
217 2699 243 2730 ea
252 2683 314 2732 fatus
324 2695 386 2740 erat,
397 2681 514 2748 defixique
524 2700 564 2732 era
573 2683 686 2734 tenebant

123 2765 207 2809 AEneas
217 2759 368 2811 Anchisiades
377 2775 401 2810 et
412 2760 473 2811 [idus
483 2761 597 2821 Achates,

123 2841 245 2905 Multaque
255 2841 313 2890 dura
321 2859 364 2891 auo
374 2843 435 2891 tristi
444 2860 499 2891 eum
507 2843 577 2892 eorde
587 2842 703 2907 putabant
714 2857 720 2898 ;

125 2939 149 2970 v.
167 2919 228 2971 522.
401 2922 403 2929 '
