1974 3772
156 251 210 314 304
360 252 490 301 PUBLll
510 251 682 303 VIRGlLll

156 352 242 401 Omnia
252 348 399 416 discerpunt,
409 361 434 399 'et
443 350 547 399 nubibus
555 349 622 399 irrita
630 352 726 398 donant.
778 388 781 393 .

194 429 287 496 Egressi
297 441 408 494 euperant
418 429 489 478 foueas
496 429 634 492 rnoctieque
643 445 686 494 per
695 418 815 478 umbram
829 455 835 459 ·

155 512 236 560 Caetra
246 508 340 557 inimica
349 519 447 574 petunt,
456 508 538 556 multis
547 520 625 556 tamen
635 512 689 556 ante
696 507 773 558 futuri

154 588 241 638 Exitio.
252 589 341 636 Patelm
350 588 408 635 vino
417 603 547 651 somnoque
557 603 599 652 per
608 585 707 635 herbam

156 671 260 733 Corpora
270 667 323 716 fuse
332 665 427 727 vident;
438 679 538 716 arrectos
547 667 624 715 littore
634 683 716 719 currus
723 702 734 741 ,1

157 751 220 796 lnter
229 747 279 794 lora
288 757 398 809 rotaeque
407 747 483 804 viros,
494 746 564 794 eimul
574 762 639 794 arma
648 745 735 809 jaoere,

157 825 220 877 vina
228 824 305 873 simul.
317 825 384 873 Prior
392 824 530 890 Hyrtacides
540 826 573 873 eic
581 840 622 873 ore
631 825 724 873 locutus
735 843 741 872 ε

154 902 417 968 Euryale,audendum
426 902 507 951 dextri
518 920 524 950 :
535 920 599 953 nunc
609 904 659 968 ipsa
669 915 737 952 vocat
746 920 790 952 ree.

156 984 206 1031 lllc
215 983 259 1031 iter
268 995 303 1031 eet
313 1001 319 1030 ε
331 994 370 1043 tu,
380 999 411 1030 ne
420 999 467 1047 quo
477 999 562 1031 manua
570 999 594 1031 ee
603 984 707 1031 attollere
715 983 785 1032 nohis

156 1063 179 1110 A
188 1050 350 1127 tergo'poseit,
359 1061 463 1120 custodi,
473 1073 497 1110 et
506 1062 601 1110 consule
611 1063 686 1126 longe.

156 1145 212 1190 Haec
222 1131 269 1207 ego
274 1152 340 1190 vasta
349 1139 424 1198 dabo,
435 1128 458 1190 et
467 1141 515 1190 lato
523 1153 546 1189 te
555 1141 629 1189 limite
639 1141 731 1190 ducam.
778 1162 793 1171 ·

196 1221 234 1270 Sic
238 1232 352 1269 memorat
359 1255 365 1277 ‚
371 1236 499 1284 rooemque
505 1220 602 1285 premit:
610 1220 684 1290 simul
688 1235 743 1268 ense
748 1220 881 1285 superbum

157 1296 315 1350 Rhamnetem
324 1299 468 1364 aggreditur,
477 1299 520 1364 qui
530 1299 590 1347 forte
600 1298 717 1363 tapetibus
726 1300 778 1361 altis

155 1383 307 1437 Ennaeas,
318 1390 368 1426 toto
377 1377 494 1442 proflabat
504 1389 598 1442 pectore
608 1395 718 1426 somnum
729 1396 736 1425 t

156 1459 208 1506 Rex
217 1457 292 1515 idem,
302 1468 326 1505 et
336 1456 384 1522 regi
392 1460 474 1505 Turno
484 1457 628 1522 gratissimus
638 1473 712 1522 augur
720 1474 729 1526 ᾗ

155 1535 203 1586 Sed
212 1552 261 1584 nou
270 1535 369 1600 augurio
379 1536 457 1600 potuit
465 1536 580 1600 depellere
588 1548 687 1610 pentem.

154 1617 213 1666 ,Trea
223 1612 289 1678 juxu
299 1610 400 1664 famulos
408 1617 495 1679 temere
505 1615 566 1663 inter
574 1615 621 1664 tela
631 1612 744 1677 jacentes,
825 1627 829 1633 ’

155 1693 353 1759 ,armigerumque
363 1694 431 1743 Remi
441 1694 536 1758 premit,
546 1693 697 1760 aurigamque
706 1683 753 1742 sub
763 1694 820 1759 ipsis

156 1775 243 1823 ttectm
253 1772 332 1837 equis,
341 1771 450 1838 ferroque
460 1785 522 1822 secet
530 1773 656 1839 pendentia
664 1773 729 1821 oolla.
743 1810 752 1824 ,,

155 1853 220 1906 Tum
228 1862 300 1917 eaput
308 1843 354 1916 ipei
364 1851 441 1919 auserit
450 1852 559 1910 domino,
569 1864 727 1916 truncumque
736 1852 850 1918 relinquit

58 1917 62 1928 ¹
155 1930 274 1995 Sanguine
284 1931 451 1995 singultantem
461 1948 467 1979 ε
479 1943 529 1980 atm
538 1933 651 1997 tepefacta
661 1947 744 1980 cruore

155 2013 227 2058 Terra
233 2009 325 2074 torique
330 2008 431 2058 madent
439 2013 540 2059 Necnon
546 2015 732 2078 Lamyrumque,
739 2013 895 2074 Lamumque,

156 2091 188 2136 Et
197 2085 309 2150 juvenem
318 2089 456 2148 Sarranum,
467 2088 507 2138 illl
516 2090 558 2154 qui
568 2091 670 2155 plurima
681 2101 749 2139 noete

156 2169 269 2224 Luserat,
279 2165 376 2232 insignis
386 2163 456 2226 facie,
466 2170 593 2235 multoque
603 2168 693 2232 jacebat

155 2245 263 2295 Membra
274 2249 324 2294 Deo
333 2246 411 2296 victus
422 2265 428 2294 :
439 2247 507 2307 felix,
517 2248 536 2296 si
546 2249 655 2314 protinus
665 2249 733 2297 illum
749 2272 752 2276 ·

156 2326 280 2390 Equieeet
290 2327 353 2374 noeti
362 2327 460 2386 ludum,
470 2328 496 2376 in
505 2329 630 2392 lucemque
641 2328 744 2376 tulisset!

157 2396 275 2469 lmpa'stue
285 2421 328 2454 eeu
337 2407 407 2470 plena
417 2407 454 2454 leo
463 2423 506 2471 per
515 2408 587 2456 ovilia
596 2408 694 2455 turbans

156 2483 259 2549 (Suadet
267 2484 330 2532 enim
340 2501 425 2532 vesana
435 2486 533 2548 sames),
542 2487 679 2550 manditque
689 2483 808 2550 trahitque
818 2509 821 2516 ·

156 2563 228 2611 Molle
238 2579 322 2628 pecus,
332 2576 474 2628 mutumque
483 2576 560 2626 metn3
571 2564 649 2613 fremit
658 2581 698 2613 ore
707 2575 813 2612 cruento.

196 2645 244 2691 Nec
253 2642 331 2691 minor
341 2643 439 2708 Euryali
448 2645 521 2692 caedes
532 2662 537 2691 :
548 2645 656 2693 incensus
666 2655 690 2693 et
697 2644 747 2707 ipae

156 2721 271 2779 Perlurit,
281 2735 308 2770 ac
318 2722 417 2770 multam
427 2723 451 2769 in
460 2723 538 2771 medio
548 2724 597 2772 sine
608 2724 704 2772 nomine
713 2721 822 2786 plebem,

156 2789 306 2865 Fadumque,
312 2801 479 2864 liebeeumque
490 2800 560 2860 subit,
566 2799 737 2866 Rhoetumque,
746 2801 898 2866 Abarimqre,

157 2881 265 2943 Ignarum
277 2878 391 2931 Rhoetum
400 2879 536 2944 vigilantem
546 2893 569 2929 et
578 2892 662 2930 cuneta
671 2879 805 2938 videntem,

157 2973 182 3010 v.
201 2956 264 3022 345.
813 2953 817 2958 ’
