1974 3772
121 342 867 390 :ima

190 507 549 638 viliorum
590 511 822 645 vira„

121 736 250 817 punires
260 762 393 836 Virgilius
409 763 484 814 Maro
498 758 656 833 parentibus
670 759 785 813 modicis
796 758 863 830 fuit,

121 862 148 900 et
160 846 296 920 praecipue
307 860 382 918 patre
392 848 516 899 Marone:
527 865 608 918 quem
617 843 729 920 quidam
739 845 864 918 opificem

122 930 252 1006 figulum
274 932 384 1005 plures,
402 932 474 1004 Magi
492 929 633 1001 cujusdam
652 933 763 986 viatoris
782 934 863 989 initio

121 1020 331 1079 mercenarium,
344 1034 407 1068 mox
420 1014 456 1068 ob
466 1014 629 1069 industriam
640 1034 768 1090 generum
780 1016 864 1069 tradi·

122 1097 222 1155 deruiat
235 1122 241 1151 :
254 1120 335 1174 quem
346 1098 408 1152 caim
418 1102 605 1174 agricolationi
618 1103 709 1175 reique
721 1103 826 1153 rustice
837 1114 865 1153 et

121 1186 250 1259 gregibus
272 1185 432 1258 prefecisset
450 1204 539 1250 socer,
561 1186 636 1238 silvis
659 1183 817 1238 οοὲιιιιιιιιίἰι
837 1199 864 1238 et

121 1269 353 1345 apibuscurandrs
360 1271 477 1321 reculam
485 1283 568 1322 auxit
575 1272 658 1323 'latus
668 1284 719 1333 est
727 1273 776 1320 Cn.
787 1273 864 1322 Pom-

122 1373 183 1428 pero
195 1357 310 1429 Magno
322 1357 395 1406 etM.
408 1355 513 1407 Licinio
524 1357 619 1407 Crasso
628 1373 765 1426 primum
777 1372 863 1418 coss,
944 1354 946 1358 ’

122 1439 218 1490 iduum
233 1436 386 1492 octobrium
399 1439 475 1505 dies
467 1459 496 1490 ιιι
508 1458 577 1512 pago
589 1458 636 1514 qur
630 1439 737 1490 Andes
749 1436 862 1504 dieitur,

122 1527 169 1597 qui
181 1538 221 1576 est
232 1525 248 1574 ia
258 1526 368 1576 Mantua
377 1542 434 1576 non
445 1525 599 1603 proculffl

164 1611 352 1672 initiantem,
363 1581 595 1680 idest,usquead
601 1610 747 1685 septimum
752 1591 863 1674 annum,

123 1695 259 1745 Cremonae
269 1695 341 1772 egit.
359 1706 386 1745 et
396 1712 455 1747 xum
465 1710 538 1745 anno
549 1693 655 1745 virilem
670 1705 760 1764 togam
774 1695 863 1764 cepit,

122 1775 710 1851 illisconsulibusiterumquihusnatuserat:
704 1777 863 1848 evenitque

122 1875 152 1914 ut
162 1880 195 1914 co
204 1865 266 1933 ipso
278 1860 322 1913 die
334 1863 473 1915 Lucretius
483 1869 563 1935 poiita
574 1859 725 1913 decederet
738 1859 791 1913 Sed
801 1863 865 1914 Vir-

121 1948 204 2020 gilius
214 1949 348 1999 Cremonl
361 1947 562 2012 Mediolanum,
577 1960 605 1999 et
621 1945 686 1999 inde
702 1946 785 2018 paulo
801 1946 863 2018 ¹post

121 2032 263 2103 Neapolim
273 2035 394 2097 transiit;
388 2031 491 2084 ·ubi
463 2050 525 2084 cum
536 2033 634 2084 litteris
645 2047 672 2084 et
682 2033 774 2104 graecis
786 2044 813 2084 et
826 2033 864 2083 la-

123 2117 186 2168 tinis
202 2107 464 2170 vehementissimam
477 2135 586 2189 operam
602 2114 736 2181 dedisset,
753 2114 863 2169 tandem

122 2203 195 2252 omni
212 2202 277 2252 eura
293 2204 422 2274 omnique
440 2199 533 2254 studio
547 2200 664 2253 indulsit
679 2199 821 2252 medicinae
835 2215 864 2253 et

122 2284 326 2338 mathematicis.
339 2289 401 2360 Egit
415 2301 442 2340 et
454 2305 562 2338 causam
576 2304 659 2338 unam
676 2287 801 2350 omnino,
814 2305 862 2337 nec

122 2369 238 2442 amplius
258 2373 339 2450 quiam
358 2373 447 2424 semel.
465 2370 592 2424 Sermone
611 2369 813 2450 tardissimum,
833 2388 863 2422 ac

123 2458 189 2526 peni
201 2453 315 2523 indocto
327 2457 442 2508 similem
453 2455 548 2522 luisse,
560 2457 683 2508 Melissus
696 2456 789 2508 tradit.

163 2543 300 2592 Poetieam
314 2559 381 2613 puer
396 2541 486 2610 adhue
502 2544 671 2613 auspicatus,
687 2544 716 2593 in
736 2541 863 2592 Balistam

123 2622 181 2676 ludi
192 2625 352 2696 ¹gladiatorii
363 2630 521 2700 magistrum
530 2668 537 2692 ,
546 2625 583 2680 ob
600 2626 738 2678 infamiam
755 2626 863 2677 lalroci-
936 2638 941 2645 “

124 2710 229 2761 niorum
241 2725 400 2783 coopertum
411 2711 566 2785 lapidibus,
576 2710 715 2765 distichon
725 2709 788 2762 lecit
800 2730 807 2759 ι

124 2813 201 2862 Monte
212 2815 258 2863 suh
267 2811 313 2864 lioc
322 2816 429 2882 lapidum
442 2819 529 2884 tegitur
537 2818 622 2865 Balista
630 2816 736 2883 sepultus
745 2832 751 2860 ι

161 2897 247 2954 lecte,
258 2894 308 2955 die,
319 2908 399 2945 tutum
409 2914 490 2964 carpe,
501 2898 590 2957 viator,
600 2898 649 2944 iter.

127 2989 226 3044 [cintii
237 2984 410 3061 Catalecton,
424 2995 455 3049 'ct
468 2999 620 3058 incretum,
636 3005 663 3045 et
684 2993 819 3063 Priapeia,
838 2983 859 3040 ei

733 3119 753 3149 u.
