1974 3772
351 234 479 287 uronis.
501 239 567 289 nra.
586 239 638 287 vr.
814 243 863 303 237

124 327 163 386 Bis
172 346 238 401 patet
247 334 272 384 in
281 343 384 402 preceps
395 337 501 396 tautum,
511 335 632 402 tenditque
641 337 686 386 sub
696 329 806 394 umbrae,

126 420 237 480 Quantus
247 414 277 464 ad
286 412 414 464 ethereum
424 416 477 463 eceli
486 428 607 480 suspectus
617 416 755 482 Olympum.
833 444 835 449 .

125 496 169 544 Hie
179 510 251 560 genus
262 494 387 558 antiquum
397 505 477 551 terrae,
486 494 579 542 Titania
589 494 678 559 pubes,

125 573 235 624 Fulmine
245 571 340 635 dejecti,
350 572 426 621 fundo
436 571 567 621 volvuntur
576 574 601 622 in
611 575 667 639 imo.

124 653 169 702 mc
179 664 203 701 et
212 651 308 700 Aloidas
318 652 435 717 geminos,
446 651 557 700 immania
570 652 618 700 vidi

124 736 244 796 Corpora,
255 731 297 795 qui
306 731 416 779 manibus
426 747 540 795 magnum
549 732 678 780 rescindere
687 733 777 784 eoelum

81 835 85 840 ·
125 810 245 879 Aggreasi,
256 809 393 874 superisque
402 815 487 858 Jovem
494 809 618 859 detrudere
628 811 711 877 regnis.

125 889 180 942 Vidi
189 900 213 939 et
221 888 326 936 crudeles
334 889 431 938 dantem
440 890 563 943 Salmonea
571 904 669 953 poenee,

124 970 190 1017 Diam
199 967 305 1016 flammas
315 973 328 1016 J
330 967 380 1016 ovis
391 979 415 1016 et
423 969 514 1017 sonitus
523 969 628 1016 imitatur
636 969 744 1034 Olympi.

125 1052 245 1112 Quattuor
255 1045 294 1095 hic
303 1048 409 1096 invectus
419 1048 499 1112 equis,
509 1056 532 1095 e't
542 1047 651 1112 lampada
661 1063 788 1110 quassans,

124 1130 168 1175 Per
178 1126 278 1177 Graium
286 1126 388 1191 populos
397 1126 527 1190 mediaeque
534 1142 577 1189 per
586 1126 661 1174 Elidis
670 1125 753 1175 urbem
826 1116 829 1120 ¹

124 1205 177 1255 lbat
186 1222 272 1265 ovans,
284 1206 419 1268 Divquue
428 1205 474 1253 allii
484 1205 596 1270 poscebat
605 1202 720 1252 honorem
732 1224 737 1251 :

124 1286 239 1333 Demens!
251 1283 292 1347 qui
303 1283 397 1338 nimbos
407 1295 431 1332 ea
439 1299 488 1331 non
498 1283 612 1331 imitabile
620 1276 719 1331 fulmen

124 1368 178 1411 AEre
188 1375 212 1410 et
219 1363 373 1426 cornipedum
382 1363 455 1426 pulsu
465 1362 585 1411 simuldrat
595 1378 718 1426 equorum.

124 1444 156 1490 At
166 1445 235 1490 Pater
245 1443 393 1506 omnipotens
403 1441 474 1489 densa
485 1441 545 1490 inter
555 1441 637 1490 nubila
648 1441 723 1489 telum

123 1519 243 1569 Contorsit
254 1520 316 1583 (non
326 1519 365 1568 ille
375 1521 436 1568 faces
442 1555 449 1578 ‚
461 1536 503 1568 nec
514 1519 592 1568 fumeo
603 1517 670 1568 taedis

123 1598 254 1661 Lumina),
264 1599 455 1663 praecipitemque
464 1598 562 1646 immani
572 1596 666 1646 turbine
677 1597 759 1662 adegit.
810 1602 824 1629 0

124 1680 171 1726 Nee
181 1693 230 1725 non
240 1687 263 1726 et
271 1676 371 1743 Tityon,
381 1682 458 1727 Terrae
468 1676 636 1742 omniparentis
648 1677 785 1733 alumnum,
833 1690 839 1701 ·

123 1758 224 1804 Cernere
234 1767 296 1816 erat;
306 1772 349 1820 per
358 1768 406 1805 tota
415 1772 501 1805 novem
510 1757 548 1805 cui
556 1754 637 1822 jugero
645 1771 731 1819 eorpus

123 1834 265 1899 Porrigitur3
277 1848 397 1900 rostroque
408 1836 517 1884 immonis
527 1835 608 1884 vultur
616 1824 710 1882 obuneo

124 1913 257 1962 immortale
267 1912 331 1976 jecur
341 1915 455 1974 tundens,
465 1914 611 1979 fecundaque
621 1912 698 1978 poenis

124 1992 230 2051 Viscera,
241 1993 385 2057 rimatauque
395 1994 484 2058 epulis,
494 1992 632 2058 habitetque
641 1993 687 2041 sub
697 1992 744 2039 alto

123 2074 232 2131 Peotore;
244 2088 287 2120 nee
300 2071 364 2122 fibris
377 2073 469 2137 requies
480 2072 548 2121 datur
556 2073 604 2120 ulle
615 2072 707 2119 renatis.

163 2149 229 2213 Quid
237 2166 365 2198 memorem
374 2149 498 2215 Lapithas,
510 2152 602 2208 lxiona,
613 2146 803 2212 Pirithoiimque,

124 2231 191 2292 Quos
201 2244 271 2292 super
282 2241 330 2277 atra
340 2230 397 2277 silex
407 2226 503 2291 jamjam
512 2230 606 2291 lapsura
616 2228 755 2290 cadentique

124 2308 233 2355 Imminet
242 2305 363 2355 assimilis?
376 2311 464 2355 Lucent
475 2306 604 2372 genialibus
615 2305 666 2353 altis

122 2385 200 2433 Aureo
211 2386 284 2434 fulcro
295 2386 365 2444 toris,
376 2386 498 2450 epulaeque
509 2397 563 2433 ante
571 2402 611 2432 om
619 2397 706 2450 peratae

122 2461 226 2528 Regifieo
234 2464 293 2513 luxu
303 2484 309 2511 z
321 2466 448 2514 Furiarum
455 2466 558 2515 maxima
567 2463 633 2528 juxti

123 2542 241 2601 decubat,
252 2556 275 2592 et
284 2545 393 2594 manibus
403 2542 514 2610 probibet
523 2544 657 2609 contingere
666 2557 771 2598 mensas,
780 2558 783 2564 ·

124 2623 279 2688 Exsurgitque
288 2624 363 2672 satem
371 2625 491 2682 attollens,
500 2636 570 2688 atque
580 2625 672 2670 intonat
682 2637 728 2668 ore.

123 2702 167 2748 Hie
177 2703 265 2764 quibus
275 2702 344 2750 invisi
355 2701 446 2760 fratres,
456 2703 515 2751 dom
524 2703 572 2750 vita
582 2701 704 2759 manebat,

122 2780 260 2829 Pulsatusve
270 2798 367 2846 parens,
377 2795 400 2831 et
411 2781 474 2830 freus
483 2783 567 2829 innexa
577 2779 669 2839 clienti;

122 2857 172 2909 Aut
181 2860 223 2924 qui
233 2860 320 2909 divitiis
330 2861 373 2909 soli
383 2862 510 2911 incubuere
520 2859 629 2925 repertis,

122 2956 147 2990 v.
165 2939 227 2990 διο.
552 2960 554 2970 ¹
