1974 3772
197 245 202 255 ’
277 275 403 324 nanis.
433 275 500 322 arn.
522 275 585 324 xrs
761 273 812 339 ³99

74 377 186 436 Accessit,
197 375 318 439 telumque
328 374 375 422 alta
384 373 415 421 ab
424 371 501 421 radice
510 371 609 421 revellit

111 457 160 505 Olli
169 454 294 514 sublimes,
302 453 372 503 armis
382 452 512 516 animisque
522 451 614 507 refecti,

70 536 116 585 llic
126 536 203 601 gladio
214 531 301 592 fidens,
311 530 350 582 hic
359 548 412 581 acer
421 543 445 582 et
454 531 541 580 arduus
551 529 631 587 hastl,

71 616 196 665 Adsistunt
206 615 299 671 contra,
309 612 434 662 certamine
443 611 524 660 Martis
534 608 619 659 anheli.

110 699 230 743 lunonem
238 692 326 741 interea
336 708 378 740 rex
388 690 557 755 omnipotentis
566 689 665 755 Olympi

71 770 221 837 Alloquitur,
231 772 297 820 sulvl
306 787 398 836 pugnes
408 771 437 818 de
447 769 512 818 nube
522 781 634 817 tuentem.

25 844 28 849 ’
73 856 133 916 Quoe
144 849 192 914 jam
201 847 255 898 finis
265 852 321 908 erit,
331 847 435 913 conjux?
445 849 504 913 quid
513 849 617 911 denique
626 844 714 895 restat?

70 930 201 996 Indigetem
210 933 301 978 AEnean
310 930 354 978 scis
364 930 426 994 ipsa,
436 938 459 976 et
469 928 526 977 scire
536 924 627 985 fateris,
685 956 688 961 Δ

73 1009 157 1057 Deberi
167 1009 239 1067 ooelo,
250 1008 349 1072 fatisque
357 1008 387 1056 ad
397 1007 471 1056 sidera
482 1007 539 1054 tolli.

72 1086 138 1152 Quid
148 1083 235 1134 suuis?
246 1099 287 1134 ant
296 1087 344 1150 qud
354 1102 395 1151 spe
405 1085 486 1151 gelidis
497 1086 521 1132 in
531 1085 637 1133 nubibas
647 1081 739 1133 hoeres?
794 1116 797 1125 «

70 1166 190 1215 Mortalin'
199 1167 278 1214 decuit
287 1165 369 1212 violari
380 1165 477 1213 vulnere
488 1159 594 1211 Divum?

70 1244 121 1293 Aut
131 1260 210 1293 ensem
221 1243 294 1308 (quid
304 1244 367 1292 enim
376 1244 427 1291 sine
437 1256 459 1290 te
469 1248 571 1291 Juturna
582 1240 702 1306 valeretl)

70 1329 185 1388 Ereptum
194 1323 261 1371 reddi
269 1327 365 1381 Turno,
375 1334 399 1371 et
408 1322 458 1369 vim
467 1337 567 1369 crescere
578 1317 664 1370 victis?

70 1402 155 1451 Desine
163 1400 211 1465 jam
221 1402 329 1461 tandem,
339 1401 494 1466 precibusque
505 1399 621 1448 inflectere
632 1399 732 1458 nostris3

70 1484 117 1530 Nec
127 1493 150 1530 te
160 1493 240 1530 tantus
249 1481 303 1530 edat
313 1482 406 1530 tacitam
417 1479 497 1539 dolor,
508 1490 532 1527 et
541 1476 601 1527 mihi
611 1494 673 1528 cmm

69 1563 137 1626 Saepe
146 1572 188 1609 tuo
199 1561 262 1610 dulci
271 1561 348 1608 tristes
358 1577 386 1608 ex
396 1575 436 1607 ore
445 1569 570 1607 recurrent

68 1645 176 1693 Ventum
185 1640 215 1687 ad
225 1655 363 1704 supremam
373 1649 413 1687 est
424 1637 501 1687 Terris
512 1638 597 1702 agitare
608 1637 646 1685 vel
656 1637 727 1686 undis

68 1717 183 1782 Troianos
192 1719 303 1784 potuisti,
314 1718 438 1766 infandum
447 1717 570 1765 accendere
580 1717 684 1774 bellum,

69 1797 205 1847 Deformsre
213 1799 324 1855 domum,
335 1809 358 1844 et
367 1797 434 1844 luctu
443 1796 539 1844 miscere
547 1793 683 1862 hymeneos
694 1813 699 1842 :

68 1877 173 1926 Ulterius
184 1889 272 1925 tentare
283 1889 344 1924 veto.
356 1866 392 1923 Sic
402 1877 512 1939 Juppiter
520 1891 594 1923 orsus.

108 1957 146 2005 Sic
157 1959 205 2005 Dea
214 1955 330 2004 submissa
341 1957 421 2003 contra
431 1955 539 2002 Saturnia
550 1954 637 2004 vultu:

69 2039 115 2085 leta
125 2035 221 2100 quidem
231 2035 287 2100 quia
298 2047 353 2084 nota
363 2032 422 2083 mihi
432 2047 485 2092 tua,
494 2050 592 2101 magne,
602 2034 725 2092 voluutas,

68 2115 191 2180 Juppiter,
202 2126 225 2162 et
234 2118 343 2163 Turnum
353 2126 376 2163 et
386 2126 458 2164 terras
468 2114 542 2163 invita
551 2114 643 2178 reliqui.

39 2188 42 2196 ’
68 2197 117 2243 Nec
127 2205 154 2242 tu
163 2209 201 2241 me
211 2193 273 2241 adrid
282 2194 356 2241 solam
367 2210 430 2242 nunc
440 2194 493 2242 sede
504 2194 594 2241 videres
674 2218 677 2229 ·

69 2273 158 2338 Digna,
168 2272 264 2338 indigna
274 2273 337 2336 pati,
347 2271 388 2319 sed
400 2272 501 2319 flammis
511 2274 586 2320 cineta
597 2271 642 2319 sub
651 2271 727 2335 ipsam

69 2353 159 2400 Starem
168 2351 254 2409 aciem,
265 2348 428 2416 traheremque
438 2351 532 2399 inimica
542 2352 567 2399 in
577 2350 658 2416 praelia
668 2354 776 2398 Teucras.

68 2436 195 2481 Jutaraam
205 2432 303 2489 misero,
314 2427 400 2490 fateor,
411 2448 543 2480 succurrere
554 2428 621 2480 fratri

68 2512 148 2568 Sunt,
159 2522 183 2559 et
192 2527 236 2576 pro
246 2508 393 2575 vitdmajora
402 2511 487 2560 audere
497 2510 597 2576 probavi
608 2528 615 2570 ;

69 2593 123 2639 lton
133 2601 160 2637 ut
171 2591 216 2638 tela
227 2603 317 2649 tamen,
328 2608 376 2639 non
386 2602 414 2639 ut
423 2590 575 2640 contenderet
585 2606 664 2638 arcum
676 2607 681 2636 :

69 2667 160 2731 Adiuro
171 2670 246 2735 Stygii
256 2682 327 2735 caput
336 2670 483 2737 implacabile
494 2669 579 2727 fontis,

69 2752 122 2796 Una
133 2750 267 2813 superstitio
276 2751 366 2815 superis
375 2767 429 2815 qun
440 2749 529 2798 reddita
540 2750 611 2796 Divis.

69 2832 100 2876 Et
110 2844 174 2876 nunc
183 2829 240 2877 ccdo
251 2830 373 2892 equidem,
383 2845 521 2896 pugnasque
531 2845 599 2878 exosa
609 2828 725 2892 relinquo.

69 2906 132 2955 Illud
141 2919 177 2966 te,
187 2909 253 2956 nulld
262 2910 303 2957 sati
313 2911 379 2976 quod
389 2910 439 2976 lege
448 2921 553 2968 teretia,

69 3003 95 3039 v.
113 2991 177 3054 819.
