1974 3772
308 291 518 359 ssereret
539 308 607 360 trs.
628 313 679 360 ιιι,
807 315 861 365 ss

123 410 206 465 Victor
213 425 302 474 equus,
312 408 435 474 sontesque
445 410 570 468 avertitis,
580 422 604 458 et
612 411 672 475 pede
681 422 766 461 terrem

121 490 210 543 crebra
220 487 274 536 ferit
284 505 290 535 ε
300 486 495 578 densiss'uem
506 489 607 537 incertus
617 490 705 538 ibidem

122 568 212 626 Sudor,
223 579 246 615 et
256 567 294 616 ille
303 567 401 632 quidem
409 567 529 615 morrturis
539 566 636 634 frigidus
647 587 653 616 t
664 581 713 618 eret

121 648 204 706 Pollis,
215 659 239 695 et
248 646 277 694 sd
286 657 376 704 tsetum
385 646 492 694 tractanti
502 646 561 695 durs
570 644 662 696 resistit

122 732 178 775 Hsee
187 737 241 773 ente
252 725 350 773 exitium
359 725 441 789 primis
451 724 508 772 dant
518 727 582 791 signs
592 725 682 775 diebus.

122 807 162 856 Sin
173 805 199 853 in
208 820 319 871 processu
328 803 400 867 ooepit
409 803 543 851 crudescere
552 803 663 866 morbus3

121 887 184 933 Tirm
192 885 249 932 verb
259 883 365 931 ardentes
375 882 437 929 oculi
444 894 531 951 ‚utque
541 895 651 931 attractus
662 884 693 931 nb
702 885 750 932 alto

121 963 235 1028 Spiritus,
245 961 365 1010 interdum
375 961 463 1026 gemitu
473 961 560 1026 gravis,
569 961 663 1026 imaque
673 963 744 1030 longo

122 1044 164 1091 llis
174 1041 280 1106 singultu
290 1040 391 1088 tendunt
402 1056 408 1099 5
420 1039 438 1087 it
448 1039 544 1088 neribus
554 1052 602 1089 ster

122 1122 233 1185 Sanguis,
242 1132 265 1168 et
274 1120 378 1168 obsesses
386 1115 463 1167 fauces
472 1119 559 1184 premit
568 1135 649 1184 aspere
657 1117 744 1186 lingua.

123 1199 214 1249 Proluit
224 1200 310 1247 inserto
318 1198 397 1246 latices
407 1197 531 1246 infundere
541 1215 616 1246 cornu

124 1283 218 1328 lenaeos
230 1295 235 1325 :
247 1294 273 1326 ea
283 1278 333 1325 visu
343 1277 405 1324 sulus
414 1276 569 1324 morientibus
579 1293 634 1325 una.

123 1362 178 1409 Mox
187 1369 237 1406 erat
246 1353 292 1405 hoc
302 1356 381 1421 ipsum
390 1356 473 1413 exitio,
483 1353 599 1420 furiisque
609 1354 688 1405 relecti

124 1437 257 1497 Ardebent;
268 1434 360 1501 ipsique
371 1451 438 1493 suos,
449 1433 497 1498 jem
506 1446 581 1482 morte
590 1434 636 1482 sub
645 1437 718 1499 aegrt,

122 1510 168 1574 (Dl
176 1515 274 1564 meliora
284 1513 342 1578 piis,
355 1528 503 1577 erroremque
512 1510 620 1561 hostibus
631 1514 727 1579 illum)

124 1589 235 1643 Discissos
246 1591 444 1641 nudislsniobant
454 1590 564 1640 dentibus
574 1603 645 1641 artus.

162 1676 221 1720 Eece
231 1671 380 1722 autemrduro
390 1672 484 1722 fumans
494 1663 540 1721 sub
549 1689 643 1721 vomere
653 1683 735 1720 tsurns

121 1751 230 1801 Concidit
235 1786 243 1810 ,
253 1763 276 1799 et
285 1750 386 1800 mixtum
396 1753 485 1817 spumis
495 1753 571 1800 vomit
580 1767 620 1800 ore
629 1764 750 1812 eruorem,

122 1832 291 1896 Extremosqne
301 1830 346 1878 ciet
353 1831 454 1897 gemitus
464 1848 470 1878 ε
480 1831 499 1879 it
508 1831 579 1880 tristis
590 1818 676 1889 arator,
687 1824 690 1830 ’

121 1912 261 1958 lloerentem
271 1907 400 1976 abiungens
410 1908 511 1960 fraterni
520 1922 595 1960 morte
603 1907 744 1973 juvencum,

122 1987 200 2052 Atque
210 2004 281 2052 opere
291 1989 315 2036 in
325 1987 403 2037 medio
414 1986 489 2038 delixa
499 1989 610 2054 relinquit
620 2002 701 2038 nrstrs.

160 2069 214 2115 Non
224 2067 315 2116 umbre
325 2066 426 2116 ultorum
436 2084 572 2127 nemorum,
583 2085 631 2117 non
641 2068 720 2116 mollis
731 2080 831 2133 possunt

121 2147 189 2195 Ptats
197 2161 293 2194 movere
302 2146 421 2207 animum,
430 2164 478 2195 non
488 2148 530 2212 qui
539 2164 582 2213 per
591 2164 644 2196 saxa
655 2132 751 2196 volutus

121 2224 204 2272 Purior
216 2225 300 2273 electro
309 2242 420 2290 eampum
429 2227 489 2291 petit
499 2228 573 2275 amnis
585 2244 590 2273 :
600 2239 623 2274 st
634 2226 679 2273 irus

121 2304 252 2356 suuntur
259 2303 345 2362 latere,
355 2317 425 2369 atque
436 2307 516 2354 oeulos
526 2317 610 2370 stupor
618 2314 686 2370 urget
694 2305 792 2365 inertes,

75 2411 78 2415 -
120 2380 160 2430 td
169 2394 303 2448 terramque
313 2382 366 2432 lluit
375 2384 464 2433 devexo
473 2384 578 2449 pondere
588 2385 671 2433 cervix.

122 2461 187 2525 Quid
197 2462 266 2510 lehor
275 2474 316 2512 sut
323 2461 444 2513 benefacta
454 2462 554 2528 juvant?
564 2465 623 2529 quid
633 2480 728 2513 vomere
736 2474 807 2514 terres

121 2540 246 2590 Invertisse
255 2541 355 2606 graves?
366 2543 441 2608 Atqui
451 2560 499 2592 non
509 2545 606 2592 Massica
616 2541 699 2591 Beoehi
721 2571 725 2578 ·

121 2622 230 2678 Munere,
241 2637 290 2668 non
299 2621 344 2670 illis
354 2623 430 2686 epulae
440 2624 539 2670 nocuere
548 2634 646 2686 repostae
657 2639 663 2668 t

122 2697 256 2746 Frondibus
267 2710 290 2748 et
300 2700 364 2766 victu
373 2714 502 2764 pascuntur
512 2701 623 2766 simplicis
632 2699 722 2762 herbre3

122 2777 207 2824 Pocula
218 2790 275 2826 sunt
284 2777 360 2827 sontes
369 2779 467 2844 liquidi,
476 2792 546 2845 atque
556 2779 654 2827 exercite
667 2795 738 2827 eursu

122 2855 246 2917 Flumins;
257 2873 301 2906 neo
310 2874 404 2907 somnos
415 2859 534 2923 abrumpit
544 2875 599 2907 curs
608 2858 722 2906 salubres

159 2937 276 3003 Tempore
285 2951 335 3004 non
343 2936 389 2987 alio
398 2937 481 2989 dicunt
489 2936 679 3004 regionibutillis
804 2927 807 2931 ⁴

123 3028 149 3065 v.
165 3012 230 3066 531.
490 3040 494 3045 ·
619 3059 622 3064 .
