1974 3772
351 215 635 266 numenium
749 220 859 271 ,scr
940 273 947 287 ,

126 317 196 365 Flent
205 313 282 362 moesti
292 326 444 378 mussantque
454 327 530 380 patres
542 333 549 374 ;
559 313 600 364 hic·
608 315 714 382 undique
723 317 812 366 clamor
887 297 891 308 Ι

125 395 238 442 Dissensu
248 392 313 441 vario
322 409 422 458 magnius
431 411 455 441 sc
465 394 526 441 tollit
534 393 559 441 in
570 412 637 443 auras
648 414 654 442 :

125 473 196 521 Haud
205 474 272 521 secus
282 484 353 536 atque
363 473 410 520 alto
421 472 446 519 in
455 466 508 520 luco
520 475 574 521 siun
584 474 644 522 forte
653 487 751 524 caterva

122 551 254 600 Consedere
264 551 357 611 avium,
367 551 488 616 piscosove
498 569 566 599 amne
576 553 673 603 Padusa»

83 666 86 670 μ
125 634 188 679 Dant
197 631 302 678 sonitum
309 630 373 678 rauci
383 647 426 695 per
435 642 515 695 stagna
524 631 631 694 loquacia
641 634 718 696 cycni.

124 711 188 766 lmd,
198 711 242 766 ait,
254 710 268 756 ὀ
278 709 352 776 cives,
364 721 455 773 arrepto
466 721 583 774 tempore,
593 715 701 769 Turnus,

122 790 205 854 Cogite
216 787 354 845 concilium,
364 799 387 836 et
396 805 477 853 pacem
487 788 581 837 laudate
591 789 696 838 sedentes
708 807 714 837 :

75 899 82 908 =
124 867 162 914 Illi
170 867 240 914 armis
250 867 276 913 in
285 883 355 932 regna
365 879 442 915 ruant
453 870 500 916 Nec
509 867 578 932 plura
588 868 681 917 locutus

123 945 245 1009 Corripuit
254 935 316 1004 sese,
325 957 350 994 et
358 946 424 994 tectis
434 947 493 994 citus
504 946 587 995 extulit
597 949 656 995 altis.

123 1029 174 1083 Tu,
184 1024 286 1083 Voluse,
297 1025 381 1073 armari
388 1026 529 1076 Volscorum
539 1026 603 1073 edice
612 1025 736 1090 manipiis5

123 1107 188 1160 Duc,
199 1105 243 1161 ait,
254 1115 278 1151 et
287 1103 388 1152 Rutulos
399 1122 405 1150 :
416 1105 520 1167 equitem
529 1108 651 1167 Messapus
659 1105 684 1151 in
694 1102 778 1164 armis,

124 1186 154 1230 Et
164 1197 219 1230 cum
229 1179 299 1229 fratre
309 1185 394 1239 Coras,
403 1181 455 1230 latis
466 1181 590 1230 diffundite
600 1183 695 1246 campis.
706 1241 711 1249 ι

111 1310 113 1315 A
123 1264 179 1309 Pars
190 1259 266 1309 aditus
276 1260 341 1309 urbis
352 1255 458 1318 firment,
468 1273 590 1326 turresque
601 1260 722 1326 capessant
732 1279 738 1308 :

123 1343 218 1396 Cetera,
229 1342 275 1404 quir
286 1338 361 1404 jusso,
369 1357 464 1388 mecum
472 1357 557 1388 manus
567 1339 651 1388 inserat
660 1356 732 1389 anna.

163 1420 228 1467 Ilicet
237 1420 262 1467 in
272 1434 352 1467 muros
362 1423 411 1468 totis
421 1420 558 1468 discurritur
568 1420 633 1468 urbe.

123 1498 255 1548 Concilium
266 1499 315 1562 ipse
324 1511 390 1562 pater
399 1511 422 1547 et
431 1516 515 1564 magns
526 1501 618 1564 incepta
629 1502 726 1548 Latinus

124 1578 226 1634 Deserit,
237 1594 263 1624 ac
273 1578 333 1624 nisti
344 1577 451 1625 turbatus
461 1590 566 1642 tempore
576 1577 666 1638 differt3

122 1657 246 1720 Multaque
256 1672 280 1703 sc
290 1656 393 1714 incusat,
403 1658 445 1721 qui
455 1674 503 1704 non
513 1657 627 1721 acceperit
636 1650 701 1705 ultro¹

123 1735 270 1783 Dardanium
279 1740 382 1794 AEneun,
392 1751 551 1802 generumque
561 1737 684 1785 adsciverit
693 1735 755 1784 urbi.

162 1813 307 1862 Praefodiunt
315 1815 354 1862 alii
364 1827 456 1879 portas,
466 1828 507 1864 out
516 1831 573 1863 saxa
583 1815 699 1880 sudesque

122 1893 267 1943 Subvectant
276 1912 282 1940 :
292 1892 355 1941 bello
366 1893 405 1942 dat
415 1895 509 1960 signum
519 1911 587 1943 rauca
598 1906 723 1943 cusentum

122 1973 230 2021 Buccina.
238 1975 302 2021 Tum
312 1989 391 2021 muros
402 1975 466 2023 varii
474 1974 565 2022 cinxere
575 1973 661 2023 corond

95 2093 104 2100 .
122 2056 235 2101 Matrona
245 2053 360 2117 puerique
372 2071 377 2101 :
388 2065 456 2102 vocat
464 2053 532 2102 labor
541 2054 639 2102 ultimus
648 2067 738 2102 omnes:

162 2134 269 2180 Necnon
279 2132 309 2180 ad
319 2134 435 2197 templum
444 2149 593 2198 summasque
604 2133 634 2182 sd
643 2132 743 2182 Palladis
754 2147 816 2180 arces

122 2208 268 2259 subvehitur
277 2214 362 2274 magni
371 2224 475 2260 matrum
485 2213 574 2276 Regina
584 2214 688 2268 caterve,

124 2293 190 2337 Dona
199 2287 275 2336 serens
286 2307 292 2335 :
304 2286 415 2353 juxtaque
425 2306 502 2337 comes
513 2289 610 2337 Lavinia
619 2291 700 2354 virgo,

122 2369 199 2416 Causa
208 2368 276 2415 malis
285 2368 369 2425 tantis,
379 2369 460 2417 oculos
470 2367 557 2432 dejecta
568 2368 670 2416 decoros.

123 2447 257 2496 Succedunt
266 2458 363 2506 matres,
374 2461 397 2496 et
404 2449 522 2513 templum
530 2459 582 2496 ture
591 2458 720 2514 ¹vaporant,

124 2530 154 2574 Et
164 2536 259 2574 moestas
269 2527 316 2575 olto
325 2526 430 2576 fundunt
440 2527 469 2576 de
477 2527 560 2575 limine
570 2543 639 2574 voces
649 2544 656 2573 ι

126 2605 288 2670 Armipotens,
297 2605 354 2654 belli
363 2622 461 2672 praeses,
471 2605 577 2654 Tritonia
587 2605 666 2670 virgo,

123 2686 214 2748 Frange
224 2675 298 2734 mann
307 2685 381 2734 telum
391 2684 486 2751 Phrygii
494 2685 624 2750 praedon'rs,
634 2695 658 2732 et
667 2673 746 2747 ipsum
813 2740 826 2746 ..

74 2754 78 2758 ’
123 2768 229 2814 Pronum
238 2776 315 2812 sterne
325 2765 387 2822 solo,
397 2764 517 2829 portisque
527 2763 621 2812 effunde
631 2763 677 2810 sub
687 2761 745 2809 altis.

162 2843 270 2906 Cingitur
281 2843 330 2911 ipse
342 2844 420 2896 urens
430 2845 535 2893 curarim
544 2843 570 2892 in
578 2843 658 2909 praelia
668 2845 771 2889 Trunus.
824 2858 827 2863 ·

125 2943 149 2976 r.
167 2923 228 2988 486.
740 2927 770 2979 31
