1974 3772
177 301 214 365 46
387 303 516 350 runnu
536 302 716 361 vlnerum,

177 405 241 450 Inter
251 416 276 449 se
285 399 347 448 foliis
357 400 493 463 strepitant3
503 397 582 463 juvat,
593 400 708 448 imbribus
719 400 788 460 actis,

177 479 315 544 Progeniem
323 494 422 543 parvam
432 478 558 542 dulcesque
568 479 666 528 revisere
677 479 751 528 nidos.

217 558 286 606 Hand
296 558 406 622 equidem
415 557 484 605 credo
492 557 548 621 quia
558 556 588 605 sit
597 557 712 606 divinitus
722 560 768 607 illis

176 637 313 703 Ingenium,
323 648 365 685 aut
372 652 451 684 rerum
460 637 508 684 sato
517 635 642 700 prudentia
652 635 727 699 major
738 656 744 684 :

175 719 276 774 Verum,
286 716 329 764 ubi
339 727 463 780 tempestas
472 727 496 764 et
504 716 558 763 coeli
567 715 661 764 mobilis
671 714 756 764 humor

176 797 296 843 Mutavere
306 795 367 852 vias,
378 806 401 843 et
410 794 520 858 iuppiter
530 791 644 842 humidus
654 796 737 844 sustris

176 868 276 931 Dineat,
286 886 352 922 erant
359 889 412 937 quae
422 889 473 921 rara
482 873 567 931 morib,
577 885 601 922 et
610 889 663 938 quae
673 873 746 922 densa
753 875 855 934 relaxat,

175 956 307 1004 vertuntur
315 954 402 1017 species
412 951 556 1008 animorum
567 964 590 999 et
599 965 693 1016 pectora
703 965 782 1003 monas

175 1033 243 1079 Nunc
251 1031 320 1088 alios,
331 1031 400 1088 alios,
411 1029 470 1078 dirm
479 1031 561 1078 nubila
571 1042 656 1079 ventus
664 1032 758 1096 agebat,

132 1158 139 1171 x
173 1109 317 1174 concipiunt
328 1127 333 1157 :
344 1107 400 1158 hinc
411 1109 450 1158 ille
458 1110 540 1158 avium
548 1122 675 1158 concentus
685 1112 710 1159 in
720 1113 793 1174 agris,
822 1126 825 1130 ’

175 1192 204 1235 Et
214 1187 272 1236 laetm
281 1188 396 1252 pecudes,
406 1199 429 1236 et
438 1200 535 1237 orantes
548 1200 642 1252 gutture
651 1189 723 1237 (urai.

213 1267 237 1314 Si
245 1268 301 1314 verb
310 1268 384 1315 sulem
393 1266 423 1314 ad
433 1265 543 1330 rapidum
554 1256 669 1332 lunasque
679 1279 801 1332 mquentee
889 1302 894 1309 -

172 1345 262 1392 Ordine
270 1345 391 1409 respicies,
400 1348 524 1408 nunqubm
533 1357 556 1392 te
562 1348 661 1394 crastina
673 1343 736 1396 falles

173 1426 249 1482 Hora,
259 1439 336 1486 neque
345 1422 435 1471 insidiis
444 1423 518 1472 noetis
527 1425 618 1488 capiere
628 1440 721 1474 serenae.

172 1504 240 1549 Luna
250 1512 391 1550 revertentes
399 1503 454 1550 cium
463 1497 567 1566 primiim
576 1503 663 1568 colligit
668 1504 750 1568 ignes,

172 1581 196 1628 Si
205 1580 299 1644 nigrum
309 1581 409 1630 obscuro
418 1581 590 1646 comprenderit
599 1587 651 1630 aire
660 1598 747 1639 cornu,

172 1659 287 1707 Maximus
298 1659 403 1725 agrioolis
412 1660 542 1724 pelagoque
551 1660 673 1724 parabitur
683 1661 765 1709 imber.

172 1739 215 1795 At,
226 1739 245 1785 si
258 1728 394 1804 virgineum
400 1738 522 1788 suffuderit
531 1755 572 1787 ore
579 1739 702 1795 ruborem,

169 1819 262 1868 Ventus
271 1817 329 1876 erit;
340 1829 411 1865 rento
420 1829 512 1881 semper
521 1817 589 1865 rubet
600 1832 669 1865 aurea
678 1815 775 1865 Phoebe.

170 1895 212 1942 Sin
220 1906 274 1959 ortu
284 1895 309 1941 in
319 1906 403 1957 quareo
414 1895 531 1958 (namque
541 1895 561 1943 is
570 1895 711 1943 certissimus
721 1895 818 1959 auctor)

170 1975 244 2029 Pura,
255 1988 331 2036 neque
341 1973 432 2022 obtusis
442 1989 484 2037 per
494 1974 579 2022 coelum
589 1973 701 2022 cornibus
710 1973 767 2034 ihi13

169 2055 244 2099 Totus
254 2063 278 2100 et
287 2051 326 2099 ille
334 2051 396 2111 dies,
407 2065 430 2099 et
440 2053 482 2116 qui
491 2065 615 2101 nascentur
624 2052 656 2100 ab
664 2052 706 2099 illo

169 2133 285 2179 Exactum
294 2130 325 2178 ad
334 2146 448 2189 mensem,
459 2132 540 2196 pluvii
549 2132 671 2195 eentisque
681 2130 795 2179 carebunt
803 2149 809 2192 ;

169 2211 278 2273 Votaque
286 2211 371 2258 servati
381 2211 473 2260 solvent
483 2211 507 2259 in
517 2211 594 2259 littore
604 2222 682 2258 nautae

170 2287 274 2346 Glauco,
285 2301 308 2337 et
318 2293 445 2354 Panopeae,
453 2301 477 2337 et
486 2294 544 2338 Inoo
554 2289 685 2337 Melicertes.

208 2368 261 2426 Sol,
269 2384 365 2432 quoque
373 2379 397 2416 et
407 2369 524 2427 exoriens,
534 2379 559 2417 et
566 2364 621 2416 crim
630 2384 655 2415 se
664 2367 744 2415 condit
754 2369 778 2415 in
786 2365 879 2425 undas,

169 2445 239 2509 Signa
248 2445 314 2494 dabit
325 2465 330 2493 :
342 2446 415 2494 solem
424 2448 550 2495 certissima
560 2449 624 2510 sigua
634 2458 778 2510 sequuntur,

169 2527 200 2571 Et
207 2539 260 2588 quse
270 2527 339 2572 mane
348 2523 430 2585 refert,
440 2538 463 2574 et
472 2541 526 2590 quae
535 2525 685 2589 surgentibus
694 2528 771 2574 astris.
858 2562 865 2567 .-
896 2516 899 2521 ¹

168 2603 210 2650 Ille
219 2603 263 2650 ubi
273 2619 406 2653 nascentem
414 2606 512 2653 maculis
521 2604 645 2652 variaverit
655 2614 735 2652 ortum

167 2681 283 2730 Conditus
293 2681 317 2730 in
328 2683 429 2741 unbem,
439 2684 563 2747 medioque
574 2682 684 2748 refugerit
693 2682 764 2741 orbe,

167 2761 274 2826 Suspecti
284 2761 327 2809 tibi
336 2763 383 2810 siut
393 2762 478 2810 imbres
489 2780 495 2809 ε
506 2778 608 2827 namque
617 2773 685 2826 urget
695 2761 725 2808 ab
736 2761 783 2808 alto

167 2838 346 2904 Arboribusque
355 2841 551 2905 subcumbimus,
561 2841 686 2906 pecorique
696 2839 795 2887 sinister.

167 2918 217 2967 Aut
225 2917 268 2965 ubi
279 2919 325 2968 sub
334 2919 412 2968 lucem
421 2921 493 2970 densa
503 2921 563 2970 inter
572 2920 653 2968 nubila
664 2935 713 2967 sese

232 2980 235 2987 ι

168 3013 193 3046 r.
208 2997 262 3059 445
