1974 3772
274 277 276 279 ,
304 197 308 202 ’
355 233 481 283 ernis.
503 235 568 283 nm.
590 234 640 287 iv.
809 236 860 286 au

84 328 87 335 ’
125 336 189 392 0111,
199 323 282 398 siquis
290 329 368 382 adbuc
377 332 486 398 precibus
495 332 571 389 locus,
582 348 640 380 exne
649 343 764 382 mentam.

126 417 160 462 Te
170 423 267 477 propter
277 412 373 478 Libycae
382 423 461 478 gentes
471 411 652 476 Nomadumque
661 411 758 478 tyranni
820 431 823 439 ·

126 490 214 550 odere,
224 490 310 539 infami
317 490 384 556 Tyrii
395 509 401 538 r
411 502 434 539 te
444 502 541 555 propter
550 490 660 549 eumdem

123 571 262 624 Exstinctus
270 570 359 634 pudor,
369 582 392 617 et
402 572 449 634 qud
458 569 507 617 sola
516 569 590 618 sidera
601 569 708 630 adibarn,

126 651 200 699 rama
209 648 274 714 prior
285 667 291 696 ε
300 650 339 697 cui
347 664 386 697 me
395 647 563 696 moribundam
573 648 668 707 deseris,
678 647 782 714 hospes?
794 644 796 648 ⁴

107 760 109 764 -
119 722 178 777 ‘Hoc
184 728 263 793 solnm
273 744 359 776 nomen
367 726 482 791 quoniam
491 727 520 775 de
530 724 629 791 conjuge
638 738 717 776 restat.
801 776 803 783 ,

100 797 106 808 ’
127 805 194 872 Quid
203 798 299 855 moror?
310 823 340 854 an
350 821 402 853 mea
412 805 550 871 Pygmalion
560 805 620 854 dum
628 807 715 854 moenia
725 803 795 854 irater

125 889 249 944 Desunat,
258 896 300 932 aut
309 896 401 948 captam
410 884 482 933 ducat
491 884 593 933 Getulus
602 883 700 934 larbasi

125 965 213 1014 Saltem
223 964 242 1013 si
251 981 299 1030 qua
306 962 368 1012 mibi
378 963 408 1011 de
417 975 440 1012 te
448 976 554 1028 suscepta
563 963 646 1012 frusset

125 1043 188 1092 Ante
198 1041 279 1108 fugam
288 1043 390 1107 sobqles,
400 1043 419 1090 si
429 1043 483 1106 quis
491 1040 551 1090 mihi
558 1043 672 1107 parvulus
682 1043 736 1094 aula

125 1122 332 1180 LuderetAEneas,
342 1111 417 1186 quite
427 1124 520 1170 tantum
528 1138 568 1170 ore
578 1121 686 1182 reserret;

125 1203 178 1251 Non
188 1201 299 1266 equidem
308 1201 406 1250 omninb
416 1211 482 1265 capta
493 1212 534 1248 aut
543 1200 633 1249 deserta
643 1200 741 1249 viderer.
823 1226 824 1230 =

164 1281 266 1330 Dixerat.
276 1281 318 1328 Ille
328 1279 393 1329 iovis
402 1278 498 1327 monitis
508 1280 606 1328 immota
615 1279 710 1348 tenebat

124 1360 237 1417 Lumina,
248 1369 272 1408 et
279 1358 381 1407 obnixus
391 1369 472 1407 curam
481 1357 527 1407 sub
536 1359 606 1407 corde
614 1359 744 1423 premebat.

105 1435 112 1446 '
123 1437 230 1486 Tandem
239 1453 315 1502 panca
324 1436 394 1486 refert
405 1455 410 1485 :
421 1442 472 1502 Ego
480 1449 513 1496 te,
523 1454 576 1503 quae
586 1437 689 1503 plurima
699 1435 771 1488 fando
865 1458 868 1463 ·

124 1518 268 1566 Enumerare
277 1516 352 1574 vales,
361 1519 495 1581 nunquam,
505 1517 604 1581 Regina,
614 1516 705 1583 negabo

123 1597 294 1645 Promeritam:
305 1611 348 1644 uec
356 1611 395 1644 me
405 1595 537 1644 meminisse
546 1594 636 1661 pigebit
645 1596 727 1655 Elisa,

123 1677 188 1723 de
197 1690 289 1725 mernor
298 1675 347 1740 ipae
357 1675 415 1734 mei,
423 1674 482 1723 dum
491 1675 587 1738 spiritus
596 1673 640 1722 hos
649 1685 714 1740 reget
723 1685 787 1723 artus
807 1728 809 1734 y

94 1824 96 1828 y
123 1757 168 1802 Pro
178 1770 204 1803 re
213 1770 289 1819 pauca
297 1755 388 1818 loquar.
395 1757 476 1830 Neque
486 1769 529 1818 ego
537 1752 597 1802 banc
608 1752 748 1802 abscondas
758 1752 823 1802 snrto

121 1831 230 1897 Speravi,
241 1849 271 1881 ne
280 1829 353 1898 finge,
362 1832 457 1899 fugam3
468 1848 510 1880 nec
520 1831 627 1897 conjugis
636 1833 743 1897 unquim

122 1911 240 1960 Pratend
249 1911 332 1972 mdes,
343 1922 384 1960 sut
394 1910 444 1961 hoc
453 1912 479 1959 iu
492 1911 579 1961 foedera
588 1911 651 1960 veni.

122 1993 161 2039 Me
171 1989 192 2038 si
202 1986 248 2038 fata
256 1989 314 2040 meis
324 2002 460 2056 paterentur
470 1990 554 2041 ducere
563 1991 639 2040 vitam

123 2067 251 2134 Auspiciis,
261 2081 284 2117 et
294 2083 377 2135 sponte
386 2072 439 2118 med
448 2086 588 2135 componere
595 2087 676 2131 curas3

102 2181 106 2187 -
123 2147 214 2196 Urbem
222 2145 349 2212 'linianum
357 2150 462 2213 primum
470 2149 596 2213 dulcesque
605 2163 713 2197 meorum
747 2168 752 2187 ι

123 2226 252 2292 Relliquiss
261 2227 362 2277 solerem
372 2246 378 2275 ε
389 2229 476 2279 Priami
485 2241 545 2276 tecta
555 2229 745 2354 &marescum

122 2309 153 2354 Et
162 2305 265 2355 recidiva
273 2322 349 2356 mann
356 2308 488 2372 posuissem
497 2312 556 2372 Perg
618 2306 693 2371 yictis.

121 2384 168 2435 Sed
177 2401 242 2434 nunc
250 2385 341 2434 italiam
350 2403 461 2452 maguum
469 2389 588 2452 Gryneus
598 2384 699 2452 Apollo,
740 2419 747 2422 -

121 2463 215 2513 ltaliam
225 2463 303 2529 Lycias
312 2462 399 2529 iussere
408 2480 526 2530 capessere
536 2476 623 2514 sortes:

122 2543 167 2591 nic
176 2558 253 2602 amor,
263 2539 313 2592 baec
321 2545 398 2610 patria
407 2557 448 2592 est
460 2546 484 2594 Si
494 2556 517 2594 tc
526 2543 673 2609 Carthaginis
682 2551 745 2592 arcet

121 2618 279 2698 Pboenissam,
290 2622 431 2689 Libyaeque
442 2635 548 2690 aspedns
558 2624 647 2672 detinet
656 2622 737 2683 urbis;

109 2703 185 2764 ,Quae
194 2701 290 2749 undem
300 2703 406 2752 Ausonii
415 2707 517 2752 Teucros
526 2702 647 2750 considam
656 2690 719 2748 terri

120 2778 214 2828 Invidia
224 2777 277 2828 aas?
287 2784 319 2831 Et
328 2797 372 2830 nos
380 2783 415 2830 ias
423 2793 500 2830 extera
510 2795 614 2846 quaerere
624 2795 702 2844 regna.

120 2859 241 2923 trepaeis
251 2857 369 2920 duchnoe,
379 2860 471 2925 quoties
479 2857 634 2911 hinnientibus
644 2857 735 2906 umbris

121 2951 147 2988 v.
166 2935 230 2989 351.
702 2935 735 2988 ιθ
806 2935 809 2940 ’
839 2959 842 2964 ·
