1974 3772
345 269 474 321 muers.
496 271 563 318 nte.
584 270 630 318 xr.
809 268 861 332 369

122 378 178 422 Haec
187 371 250 420 latur
260 369 338 435 virgo,
349 381 372 418 et
382 368 516 433 pernicibus
526 369 593 434 ignea
602 367 689 433 plantis
741 395 743 399 <

121 452 215 502 Transit
223 466 313 514 equtun
322 465 405 507 cursu,
416 445 534 513 frenisque
543 448 638 497 adversa
649 443 770 510 prehensis

121 529 278 594 Congreditur
285 564 290 587 ,
298 544 428 592 poenasque
436 527 532 582 inimico
542 543 570 575 ex
580 527 692 592 sanguine
703 525 790 575 sumit:

123 612 203 673 Qudm
213 608 280 656 facile
289 607 398 671 accipiter
407 623 462 654 saro
473 623 536 655 sacer
545 605 592 654 ales
602 605 632 653 ab
642 605 690 654 alto

122 687 281 751 Consequitur
290 687 375 752 pennis
385 685 512 734 sublimem
521 684 546 733 in
556 684 621 733 nube
630 679 778 744 columbam,

122 770 338 831 comprensamque
348 777 424 825 tenet,
434 764 583 830 pedibusque
592 764 704 814 eviscerat
712 764 790 825 uncis,

122 848 185 894 Tum
195 862 264 894 cruor
274 857 297 893 et
307 845 380 893 vulsae
389 844 504 893 labuntur
512 844 544 891 ab
554 841 638 892 aethere
648 845 744 908 plumes.

162 923 195 973 At
205 941 253 972 non
262 920 313 972 haec
322 923 393 972 nullis
401 921 526 971 hominum
536 933 599 971 sator
608 935 678 986 atque
689 926 793 978 Deorum'

122 1004 257 1052 observans
265 1003 351 1062 oculis,
362 1019 454 1050 summo
464 1002 529 1050 sedet
538 1003 599 1049 altus
609 1003 721 1066 Olympo.

122 1081 275 1149 Tyrrhenum
284 1083 375 1146 genitor
383 1078 540 1129 Tarchontem
550 1081 575 1126 in
582 1080 662 1144 praelia
673 1095 733 1127 saeve

123 1161 236 1219 Suscitat,
246 1171 269 1208 et
279 1159 379 1208 stimulis
389 1156 454 1207 haud
463 1157 575 1206 mollibus
584 1156 659 1220 injicit
667 1158 719 1205 iras,

122 1244 186 1306 'Ergo
197 1240 257 1288 inter
267 1239 340 1289 cedes
350 1237 502 1301 cedentiaque
512 1237 603 1302 agmina
613 1233 721 1284 Tarchon

124 1322 209 1368 Fertur
219 1335 293 1383 equo,
303 1317 420 1381 variisque
430 1316 525 1381 instiget
533 1315 631 1364 vocibus
642 1316 702 1375 alas,

125 1397 224 1446 Nomine
235 1413 353 1462 quemque
363 1412 462 1456 vocans;
473 1391 593 1460 reficitque
603 1395 628 1443 in
637 1394 717 1457 praelia
727 1393 807 1458 pulsos
819 1411 825 1439 t

166 1476 226 1539 Quis
235 1487 312 1524 metus
319 1476 350 1535 ,6
361 1476 484 1540 nunquhm
492 1473 601 1530 dolituri,
612 1474 729 1538 osemper
741 1472 826 1520 inertes

123 1552 255 1621 Tyrrheni,
265 1570 319 1620 quae
329 1566 394 1605 tenta
404 1554 487 1602 arsinus
497 1552 590 1617 ignaua
600 1549 682 1601 venit?

125 1635 223 1682 Femina
232 1635 338 1698 palantes
348 1633 408 1698 agit,
419 1644 489 1697 atque
499 1629 549 1680 htec
559 1631 652 1696 agmina
660 1631 739 1679 vertit.

124 1715 184 1776 Qud
192 1711 298 1760 ferrum?
309 1712 396 1777 quidve
405 1709 456 1759 haec
466 1711 567 1777 gerimus
580 1710 626 1758 tela
636 1710 700 1758 irrita
710 1706 815 1758 deutris?

125 1791 158 1840 At
168 1808 217 1839 non
227 1792 252 1838 in
261 1794 379 1842 Venerem
388 1807 468 1856 segnes
478 1803 640 1856 nocturnaque
649 1789 724 1847 bella,

126 1869 186 1928 Aut,
196 1869 239 1918 ubi
249 1877 321 1918 curv'e
330 1867 414 1918 choros
424 1870 508 1919 indixit
518 1870 575 1919 tibia
583 1867 679 1926 Bacchi,

100 1965 105 1968 ·
125 1954 266 2013 Exspectare
273 1948 345 2012 dapes
355 1961 379 1996 et
387 1950 464 2014 plense
474 1951 558 2015 pocula
568 1965 661 1998 menete.

126 2028 171 2076 Hic
181 2043 259 2087 amor,
268 2025 315 2076 hoc
324 2029 442 2087 studium,
453 2029 511 2078 dhm
521 2047 584 2078 secra
594 2028 711 2078 secundus
720 2023 837 2091 hlruspt‘s

126 2106 241 2165 Nuntiet,
251 2123 278 2155 ac
286 2108 352 2156 lucos
361 2119 428 2156 vocet
438 2106 513 2157 hostia
523 2109 618 2175 pinguis
627 2108 653 2156 in
663 2104 729 2156 altos,

73 2212 80 2221 ·
166 2189 223 2234 llaec
231 2184 325 2244 effatus,
336 2202 425 2250 equum
434 2187 459 2233 in
468 2187 571 2245 medios,
580 2185 709 2235 moriturus
719 2198 743 2232 et
753 2184 815 2248 ipse,

125 2264 248 2320 Concitet,
257 2275 281 2312 et
289 2265 385 2314 Venulo
395 2263 520 2311 adversum
530 2280 554 2312 se
563 2263 673 2312 turbidus
683 2261 753 2310 insert
762 2280 769 2322 ;

127 2348 304 2406 Dereptumquc
315 2342 345 2390 ab
355 2358 416 2407 equo
426 2342 507 2390 dextris
515 2342 678 2407 complectitur
687 2339 789 2400 hostem,

128 2427 159 2471 Et
168 2422 284 2488 gremium
294 2433 348 2470 ante
357 2437 429 2470 suum
435 2423 513 2472 msdtfi
522 2423 547 2469 vi
556 2422 661 2470 concitus
672 2419 753 2470 aufert.

127 2503 229 2550 Tollitur
238 2501 264 2548 in
274 2502 361 2549 eoelnm
370 2502 470 2560 clamor,
481 2502 607 2565 cunctique
617 2501 694 2548 Latini

128 2581 270 2629 Convertere
280 2581 360 2629 oculos
372 2598 377 2627 :
389 2580 453 2630 volat
462 2581 543 2647 igneus
553 2595 647 2645 aequore
655 2575 779 2637 Tarchon,

128 2659 200 2707 Anne
211 2660 336 2724 virumque
347 2658 422 2708 ferens
433 2678 439 2706 ε
450 2662 503 2709 tum
512 2661 604 2708 summe
613 2658 727 2724 ipsiusah
737 2655 804 2704 hasti

129 2737 245 2804 Defringit
254 2737 355 2796 ferrum,
366 2751 389 2787 et
396 2750 475 2803 partes
484 2740 583 2787 rimatur
592 2749 695 2802 apertas,

130 2819 185 2880 Qud
195 2818 282 2866 vulnus
292 2818 359 2867 letale
369 2818 434 2866 feret
443 2821 531 2867 Contrd
541 2818 580 2866 ille
589 2832 731 2882 repugnans.

129 2897 254 2946 Sustineth
263 2896 344 2964 jugulo
355 2898 472 2964 dextram,
482 2909 506 2946 et
515 2897 565 2953 ,vim
574 2895 665 2945 viribus
674 2894 728 2945 exit.
745 2892 756 2917 ²
838 2896 840 2903 '

131 2994 154 3028 r.
177 2974 238 3042 750.
