1974 3772
164 246 218 305 348
372 246 503 293 runnu
522 244 695 295 VlRGlLll

164 351 231 393 Hanc
240 343 342 409 patriam
350 344 462 409 peperere
470 359 525 403 tuo,
533 343 641 392 decorate
649 346 766 408 supremis
836 350 840 355 '

64 440 67 447 ·
163 423 317 483 Muneribus;
327 435 482 487 moestemque
492 422 595 478 llmdri
605 424 697 486 primus
706 423 737 471 sd
746 423 834 474 urbem

164 503 271 552 Mittansr
281 503 369 560 Pallas,
378 518 451 566 quem
458 489 507 550 non
517 501 612 550 virtutis
622 513 728 566 egentem

163 582 269 630 Abstulit
279 593 328 630 atra
337 581 400 640 dies,
409 593 434 629 et
442 582 525 629 sunere
534 582 615 629 mersit
624 581 714 629 ecerbo.

203 660 241 710 Sic
250 661 283 708 ait
290 661 451 725 illacrymant,
461 659 590 723 recipitque
600 660 630 708 ed
639 661 720 707 limina
731 676 852 725 gressum,

162 741 256 805 Corpus
265 738 534 804 nbiexanlsnipositum
543 738 654 787 Pallantis
664 739 757 788 Acoetes
902 772 905 777 ·

162 818 276 868 Servum
284 817 374 876 senior,
383 819 427 882 qni
437 815 559 866 Parrhasio
569 818 680 866 Evandro
760 819 763 824 '

162 895 270 962 Armiger
280 899 334 945 ante
343 894 402 956 fnit5
413 897 454 945 sed
462 913 510 944 non
518 895 626 943 felicibus
636 898 702 960 eique

161 977 226 1023 'rum
235 991 312 1023 comes
323 975 431 1040 auspiciis
440 991 494 1024 caro
504 975 573 1023 datiis
582 974 632 1022 ibet
642 975 744 1022 alumno.

161 1053 258 1102 Circum
265 1071 347 1103 omnes
357 1050 520 1119 &mulumque
529 1070 628 1111 manus,
637 1051 787 1119 Troianaque
798 1061 882 1117 turha,

163 1136 194 1181 Et
202 1145 314 1182 moestum
324 1133 407 1183 lliades
416 1135 505 1182 crinem
514 1133 543 1182 de
553 1149 618 1184 more
628 1133 717 1181 solutes

162 1214 197 1260 Ut
205 1214 262 1261 vero
272 1217 356 1263 AEneas
367 1213 457 1262 foribus
467 1229 516 1261 sese
525 1212 606 1261 intulit
615 1212 680 1270 altis,

162 1294 286 1357 Ingentem·
293 1294 408 1360 gemitum
417 1294 493 1341 tunsis
502 1292 532 1340 ed
541 1291 616 1340 sidera
626 1291 713 1339 tollunt

161 1371 313 1430 Pectoribus,
321 1383 453 1436 moestoque
462 1371 571 1436 immugit
581 1370 644 1435 regie
653 1370 727 1419 luctu.

162 1453 216 1514 lpse
224 1461 296 1515 ceput
305 1451 368 1517 nivei
378 1451 467 1499 fultum
476 1449 588 1498 Pallantis
597 1461 620 1498 et
629 1465 671 1497 ors

161 1530 196 1576 Ut
204 1528 276 1593 uidit,
284 1528 379 1594 levique
388 1541 470 1595 petens
480 1529 506 1577 in
515 1540 609 1593 pectore
620 1529 707 1576 vulnus
752 1536 756 1543 “

161 1607 272 1672 Cuspidis
280 1607 405 1668 Ausonias,
414 1608 523 1674 lacrymis
533 1608 566 1656 itu
575 1605 638 1656 fatum
646 1607 737 1656 obortis
748 1625 755 1654 ε

161 1689 238 1745 Tene,
249 1687 338 1752 inquit,
346 1687 476 1736 miserande
486 1704 558 1754 puer,
568 1687 623 1735 cum
632 1686 685 1734 laeta
695 1686 800 1744 veniret,
895 1707 899 1713 ·

162 1764 250 1813 Invidit
258 1765 352 1816 suntuna
362 1765 434 1825 mihi,
445 1783 475 1815 ne
484 1783 555 1832 regna
564 1766 654 1814 videres

161 1846 258 1903 Nostra,
269 1862 346 1911 neque
356 1847 385 1895 ad
395 1845 460 1894 sedes
470 1846 545 1895 vietor
554 1844 665 1894 veherere
677 1841 805 1910 paternas?

162 1926 214 1971 Non
224 1921 275 1972 huc
284 1925 396 1973 Evandro
405 1925 434 1973 de
444 1936 467 1973 te
476 1926 590 1989 promissa
600 1925 691 1990 parenti
786 1963 787 1967 ,

162 1993 287 2050 Discedens
298 2003 419 2062 dederam,
429 2006 485 2051 clun
494 2021 532 2051 me
540 2005 675 2070 complexus
685 2009 782 2052 muntem
851 2010 854 2016 '

160 2079 263 2129 Mitteret
272 2081 297 2128 in
306 2097 421 2146 magnum
431 2083 568 2146 imperium,
578 2069 733 2148 metuensque
742 2095 850 2132 moneret

160 2159 232 2207 Actes
243 2176 291 2208 esse
301 2161 376 2218 viros,
387 2177 442 2210 cum
451 2161 511 2210 durl
520 2163 600 2226 praelia
608 2175 682 2228 gente.

161 2242 191 2288 Et
202 2255 265 2287 nunc
276 2240 433 2304 nequidem,
443 2257 484 2306 epe
494 2243 598 2290 multum
607 2252 689 2306 captus
699 2241 778 2300 inani,

161 2320 219 2367 Fors
229 2331 252 2368 et
262 2331 316 2367 vota
326 2319 556 2385 sacit‚,cumulatqne
567 2321 647 2370 altaria
656 2320 725 2368 donis
736 2338 743 2368 ε

160 2400 208 2447 Nos
218 2395 329 2461 juvenem
339 2400 520 2458 exanimum-et
525 2401 563 2451 nil
573 2399 621 2463 jam
629 2399 763 2448 coelestibus
774 2398 832 2448 ullis

160 2477 303 2535 vehentem,
313 2493 375 2525 vano
385 2479 461 2527 moesti
472 2479 612 2527 comitamur
621 2476 717 2527 honore.

160 2555 256 2615 Infelix,
267 2555 315 2604 nati
324 2557 397 2607 sunus
406 2557 499 2606 crudele
510 2558 600 2606 videbis
610 2560 617 2608 ἔ

159 2635 191 2684 lli
201 2636 274 2684 nostri
285 2636 386 2694 reditus,
397 2638 568 2702 exspectatique
578 2633 707 2700 triumphi!
759 2687 761 2692 ,
825 2643 828 2647 “

160 2719 215 2763 Haec
224 2731 276 2763 men
286 2732 370 2781 magna
380 2712 451 2764 fides!
462 2717 495 2764 At
505 2733 565 2774 non,
576 2716 697 2772 Ernndre,
707 2715 827 2779 pudendis

160 2794 305 2844 Vulneribus
315 2795 412 2860 pulsum
421 2795 530 2859 aspicies;
541 2812 584 2844 nec
592 2796 677 2860 sospite
686 2793 765 2840 dirum

160 2872 259 2938 Optabis
269 2886 324 2923 nato
334 2874 406 2923 simus
416 2885 488 2939 pater.
500 2875 544 2923 Hei
553 2873 626 2933 milri,
635 2885 753 2942 qnantum

161 2975 186 3008 v.
203 2961 244 3027 57,
359 2961 360 2965 ¹
689 2954 698 2968 ‘

55 3340 205 3528 ,ἱ
