1974 3772
144 269 202 350 ,εει
353 274 482 322 rursu
502 273 675 324 virumn

147 380 213 426 nun
222 361 369 423 suffimenta!
381 384 404 421 et
414 371 473 420 nulli
483 369 591 420 exaudita
599 374 705 418 Deorum

146 455 209 506 Vota
219 468 346 518 precesque
354 452 427 500 mese!
437 464 524 515 tuque,
534 451 549 497 ὀ
559 450 702 498 sanctissima
710 447 814 521 conjug,

147 532 214 582 Felix
222 544 297 580 morte
307 533 360 588 tull,
371 546 447 594 neque
457 529 482 577 in
490 527 556 578 hunc
565 523 655 577 ser'vata
664 529 773 578 dolorem
786 531 793 579 Ξ

146 611 235 662 eoum
244 627 287 676 ego
295 609 397 658 vivendo
406 609 454 658 vici
462 624 514 657 mea
523 609 584 667 suta,
593 619 710 672 superstes

147 694 268 745 Restarem
276 700 304 737 ut
313 688 411 754 genitor.
418 689 509 736 Troilm
519 687 579 736 socia
590 703 653 734 anna
663 699 773 736 secutum

57 774 63 791 ¹
147 770 281 819 obruerent
288 768 372 816 Rutuli
382 767 450 815 telis!
461 766 563 815 animam
573 766 622 831 ipse
632 766 747 814 dedissem
757 803 766 828 ‚
834 789 841 799 ·

147 849 225 912 Atque
235 845 285 896 haec
294 862 382 912 pompa
392 846 491 895 domum
500 860 551 904 me,
561 861 610 892 non
619 844 740 902 Pallanta,
749 845 848 898 reienut
857 849 865 898 l

186 930 233 974 Nec
243 941 285 974 vos
294 925 423 990 arguerim,
432 924 529 983 Teucri,
539 940 582 972 nec
594 923 695 982 luders,
705 941 749 972 nec
758 942 820 991 quus
914 925 920 945 ¹

145 1004 273 1056 Junximus
281 1001 384 1068 bospitio
394 1003 501 1052 dextras:
511 1018 560 1051 sors
570 1002 613 1050 ista
623 1014 721 1051 senectia

147 1083 232 1133 Debita
242 1095 291 1132 erat
300 1096 392 1132 nostrae.
404 1082 476 1146 Quod
486 1083 505 1129 si
515 1083 640 1130 immatura
648 1081 762 1134 manebat

146 1167 211 1214 Mors
219 1173 315 1223 natum3
326 1162 389 1211 oaesis
398 1161 539 1214 Volscorum
547 1160 653 1209 millibus
663 1164 730 1219 ants,

147 1246 279 1303 Duoentem
288 1243 313 1290 in
324 1243 418 1290 Latium
426 1245 528 1290 Teucros
538 1241 646 1289 cecidisse
655 1238 756 1303 juvabit.

124 1354 128 1361 -
148 1323 215 1385 Quin
225 1338 267 1387 ego
277 1337 326 1368 nou
336 1321 382 1368 alio
389 1318 603 1385 dimensionem,
613 1319 689 1379 Palla,

147 1403 228 1465 Quim
237 1399 291 1464 pius
301 1403 398 1458 AEneus,
408 1411 432 1446 et
440 1400 513 1463 quim
521 1398 600 1465 magni
611 1396 763 1464 Phryges‚·et
772 1401 845 1465 qulam

59 1482 62 1487 '
146 1475 312 1544 Tyrrhenique
321 1475 564 1544 duoes‚'l*yrrbenllm
574 1477 687 1526 exercitus
696 1464 783 1527 omnis

128 1609 130 1613 ,
146 1560 231 1623 Magna
241 1569 329 1622 tmpoea
339 1555 430 1617 serunt,
440 1573 499 1621 quos
509 1557 550 1605 dat
559 1568 600 1604 tus
610 1555 704 1606 dextera
712 1557 768 1606 leto.

146 1640 185 1686 Tu
193 1651 290 1702 quoque
300 1652 364 1684 nunc
373 1647 444 1685 stares
454 1635 562 1684 immanis
572 1647 669 1684 mancus
679 1636 705 1684 in
715 1634 800 1694 armis,

146 1719 266 1781 Essetpnr
276 1711 690 1775 aetas‚etidemsiroburabannis,
721 1718 725 1725 '

145 1798 234 1844 Turne.
245 1795 290 1844 Sed
299 1793 382 1843 infelix
391 1797 493 1843 Teucros
503 1794 561 1859 quid
571 1793 679 1842 demoror
689 1792 778 1845 armis?

146 1874 245 1934 vadite,
255 1885 279 1922 et
288 1872 338 1922 baec
347 1889 461 1921 memores
471 1873 529 1939 Regi
539 1873 648 1922 mandata
657 1871 757 1922 referte:

148 1952 221 2016 Qubd
231 1952 304 2000 vitam
314 1968 393 2000 moror
403 1952 516 2012 invisam
525 1953 630 2001 Pallante
639 1965 777 2016 perempto,

126 2032 131 2037 “
148 2033 245 2078 Dextera
256 2047 325 2078 causa
335 2041 375 2078 tua
385 2042 432 2088 est,
441 2035 551 2079 Turnum
560 2043 679 2096 gnatoque
688 2033 799 2097 patrique

148 2111 227 2171 Quium
237 2108 412 2176 debere'vides:
423 2109 510 2157 meritis
521 2122 588 2158 vacat
596 2107 636 2158 bic
645 2109 689 2158 tibi
700 2111 765 2158 solus

146 2190 304 2253 Fortunaeque
313 2188 385 2237 locus.
397 2192 450 2236 Nou
460 2190 515 2237 vitm
524 2189 609 2254 gaudia
616 2204 710 2253 quaero,

146 2269 194 2317 Neu
204 2269 251 2327 sas3
264 2268 304 2316 sed
315 2279 384 2331 gnato
394 2283 474 2314 munes
483 2265 585 2331 perferre
595 2266 641 2314 sub
651 2267 717 2315 imosss

186 2347 278 2393 Aurora
287 2347 374 2394 interel
384 2347 473 2394 miseris
483 2346 621 2394 mortalibus
631 2346 718 2394 ulmam

147 2425 268 2473 Extulerat
277 2426 366 2484 luoem,
377 2425 477 2472 reserens
487 2441 557 2489 opera
567 2437 637 2490 atque
647 2425 746 2481 labores.

145 2508 199 2552 lum
208 2516 275 2568 pater
284 2508 380 2562 AEueas,
391 2503 439 2567 jam
449 2521 521 2552 curvo
531 2505 557 2551 in
566 2504 644 2553 littore
653 2501 764 2551 Tarchon

145 2583 292 2631 Constituere
302 2600 372 2648 pyras
382 2601 387 2629 :
398 2582 446 2631 hirc
456 2601 552 2648 oorpora
562 2584 662 2648 quisque
672 2598 772 2631 suorum

145 2665 211 2710 More
222 2662 295 2711 tulere
305 2675 412 2726 patrum3
423 2661 579 2727 subjectisque
589 2663 683 2727 ignibus
694 2662 750 2710 atris

145 2741 262 2789 conditur
272 2742 296 2788 in
307 2742 413 2789 tenebras
424 2741 498 2789 altum
507 2743 604 2807 caligine
613 2742 707 2789 ooelum

144 2822 191 2867 Ter
201 2820 289 2869 oiroum
299 2836 417 2877 accensos,
427 2821 496 2868 cincti
505 2819 649 2886 fulgentibus
659 2819 743 2876 armis,

147 2900 272 2947 occurere
282 2915 349 2967 rogos
360 2917 366 2960 3
378 2912 413 2949 ter
422 2911 534 2962 moestum
543 2899 632 2949 limeris
642 2899 719 2966 ignem

129 2995 171 3037 ,Ἀ
192 2980 253 3045 ι89.

19 3398 176 3544 Ἰ
