1974 3772
340 249 467 322 AEanS.
489 249 555 297 mn.
576 251 640 302 vn.
809 245 862 318 259

121 355 154 399 Te
165 351 262 399 lustrare
272 345 357 406 choro,
367 365 460 397 sacrum
469 348 512 399 tibi
522 365 616 415 pascere
625 349 721 399 crinem«

121 433 194 477 Fama
204 430 268 476 volat
279 446 285 474 :
297 427 410 492 furiisque
420 445 526 476 accensae
535 441 628 494 pectore
638 441 724 477 matres
768 446 770 450 ·
795 474 799 478 .

121 509 188 558 Idem
196 525 277 556 omnes
287 508 357 555 simul
368 508 436 556 ardor
447 509 495 572 agit
502 525 564 556 nova
573 524 679 573 quaerere
688 520 756 567 tecta.

122 590 249 635 Deseruere
259 586 341 635 domos
352 605 358 634 z
369 588 445 635 ventis
455 586 512 635 dant
522 588 581 635 colla
591 604 722 653 comasque.

121 666 165 714 Ast
175 667 225 714 aliae
236 666 341 714 mentulis
350 666 480 714 malachus
491 663 575 715 aethera
586 668 726 732 complent,¹

120 745 307 810 Pampineasque
317 757 401 810 gerunt
411 746 516 794 incincta
526 746 628 810 pellibus
638 743 723 796 hastae.

122 830 174 890 lpsa
185 826 245 872 inter
254 824 343 873 medias
353 824 489 891 flagrantem
499 825 590 874 fervida
600 826 686 889 pinum

121 905 237 960 Sustinet,
248 921 274 950 ac
284 915 344 952 natae
353 905 475 968 Turnique
485 905 548 953 canit
557 904 704 970 hymenaeos,

121 984 278 1047 Sanguineam
287 995 399 1047 torquens
409 985 495 1043 aciem;
506 997 649 1048 torvumque
659 988 754 1051 repente
775 1036 781 1042 ,
801 1033 805 1041 ,
878 1026 881 1033 .

121 1063 212 1111 Clamat
223 1080 228 1108 :
241 1067 279 1119 lo,
289 1075 387 1120 matres,
395 1063 474 1111 audite
484 1063 651 1126 ubiquaque,
661 1063 763 1121 Letinoe,

122 1141 145 1190 Si
156 1157 202 1204 qua
212 1140 257 1204 piis
268 1141 352 1190 animis
361 1153 440 1190 manet
448 1141 546 1190 infelicia
556 1150 647 1190 Amatae

121 1220 215 1277 Gratia,
226 1222 245 1267 si
255 1218 313 1282 juris
322 1223 421 1269 materni
432 1238 487 1268 cura
495 1221 624 1280 remoidet3
699 1264 704 1273 .

122 1299 209 1347 Solvite
219 1299 315 1347 crinales
325 1299 408 1358 vittae,
418 1301 493 1366 capite
503 1302 574 1366 Orgia
583 1316 685 1351 mecum.

159 1377 242 1426 Talem
252 1378 312 1426 inter
322 1379 405 1438 silvas,
415 1381 476 1429 inter
485 1380 575 1429 deserte
584 1378 699 1438 serarum,

122 1458 235 1522 Reginam
245 1456 327 1506 Alecto
337 1459 439 1507 stimulis
447 1460 495 1523 agit
504 1459 612 1523 undique
620 1456 710 1506 Bacchi.

121 1538 249 1600 Postquam
259 1536 308 1584 visa
318 1537 374 1585 entis
383 1537 472 1600 primos
482 1539 569 1585 amisse
580 1539 683 1596 fiuntcc,

121 1615 300 1680 Consiliumque
311 1632 452 1680 omnemque
463 1616 561 1664 domum
570 1617 667 1664 vertisse
675 1598 767 1677 Latini;

122 1695 232 1742 Piotinlts
242 1693 297 1742 hinc
307 1695 377 1743 fuscis
388 1695 459 1743 tristis
470 1700 518 1743 Dea
531 1697 622 1744 tollitur
632 1695 682 1743 alis-

122 1773 224 1822 Audacis
235 1776 318 1822 Rutuli
328 1774 358 1822 ad
368 1791 460 1832 muros,
471 1792 544 1839 quam
553 1775 640 1823 dicitur
649 1775 734 1823 urbem

123 1851 262 1901 Acrisioneis
278 1845 356 1901 Danai}
367 1853 476 1902 fundasse
486 1855 587 1911 colonis,

123 1932 238 1996 Praecipiti
249 1931 324 1981 delata
335 1936 396 1982 ll'oto
407 1953 412 1981 :
423 1934 488 1983 locus
499 1934 576 1982 Ardea
585 1933 706 1999 quondam

124 2012 205 2063 Dictus
217 2011 278 2068 avie,
289 2023 312 2060 ct
322 2030 385 2060 nunc
395 2029 508 2078 magnum
518 2026 597 2063 manet
607 2013 685 2060 Ardea
693 2027 796 2072 nomem

123 2089 168 2138 Sed
179 2090 273 2139 fortuna
282 2090 335 2140 fuit.
346 2095 423 2141 Tectis
431 2090 472 2141 hic
479 2097 577 2141 Turnus
586 2094 611 2139 in
622 2092 674 2140 altis

123 2174 176 2218 lam
185 2170 262 2219 madia
272 2170 338 2234 nigra
347 2171 457 2236 caipebat
467 2184 535 2219 nocte
544 2171 656 2234 quietem

123 2249 205 2297 Alecto
215 2261 308 2298 torvam
316 2250 399 2297 facicm
408 2247 432 2297 et
441 2249 532 2297 siuialia
540 2249 649 2306 membra

122 2329 195 2377 Exuit
206 2347 212 2374 :
223 2329 248 2375 in
258 2330 339 2376 vultus
349 2345 397 2376 eece
407 2329 556 2378 transformat
566 2327 648 2383 aniles,

123 2412 154 2455 Et
163 2404 265 2455 frontem
275 2407 400 2456 obscenam
408 2409 471 2474 rugis
481 2421 543 2467 arat3
555 2407 634 2455 induit
642 2406 708 2455 albos

122 2489 186 2534 Cum
197 2486 254 2534 vittl
264 2489 352 2547 crinea3
363 2490 416 2536 tlun
425 2504 518 2536 ramum
527 2489 624 2536 innectit
634 2485 709 2535 olivae.

124 2565 163 2613 Fit
172 2566 275 2631 Calybe,
290 2569 386 2615 lunonis
395 2585 455 2616 anuo
464 2569 594 2632 templique
603 2565 723 2624 sacerdon

124 2648 154 2693 Et
164 2643 245 2708 juveni
256 2658 309 2714 ante
319 2647 400 2694 oculos
410 2645 446 2694 hie
454 2664 479 2695 se
488 2663 543 2695 cum
552 2646 650 2710 vocibus
660 2643 728 2693 offen
739 2660 745 2689 ι

122 2728 218 2781 Ἥκω,
228 2735 264 2772 tot
272 2725 390 2773 incassum
400 2726 464 2774 lusos
471 2727 559 2790 patiere
569 2727 672 2783 laoores,

124 2806 156 2850 Et
166 2814 207 2850 tue
220 2803 340 2852 Pardauiis
350 2805 472 2854 transcribi
483 2819 572 2870 sceptra
582 2799 687 2854 colonis?

125 2884 175 2928 llex
185 2882 228 2928 tib:
239 2881 374 2950 conjugium
385 2897 408 2933 et
416 2887 526 2950 quesitas
534 2885 646 2948 sanguine
656 2882 722 2931 doleo

127 2979 151 3009 v.
171 2962 235 3020 423.
