1974 3772
168 291 218 326 110
375 272 505 321 runnu
524 271 698 323 VIRGlLll

164 374 223 422 lude
231 374 295 438 lupae
304 368 371 420 fulvo
379 368 479 419 nutricu
486 369 588 434 tegmina
596 368 666 417 imon

165 453 281 502 Romulus
291 449 391 515 excipiet
398 460 504 514 gentem,
514 460 539 498 et
548 448 663 496 Mavortia
672 446 759 497 condet

165 532 265 591 Moenia,
275 534 441 594 Romanosque
451 545 493 577 suo
504 525 533 576 de
542 526 638 575 nominc
648 524 720 577 doct.

165 612 207 660 Hie
218 627 260 676 ego
270 626 312 658 nec
320 620 394 658 metas
402 624 483 657 rerum
492 623 536 657 nec
544 618 650 671 tempora
659 621 725 671 pono
737 624 744 655 ε

165 689 294 755 Imperium
304 689 353 736 aine
364 683 410 737 fine
419 686 479 737 dedi.
491 686 557 749 Quin
567 689 735 750 asperatum,

165 773 227 833 Quas
236 784 300 816 mare
310 784 387 826 nunc,
397 778 516 830 terrasque
525 777 603 824 metu,
613 763 748 829 orelumque
758 761 853 831 fatigat,

164 847 268 897 Consilia
277 848 302 895 in
311 847 396 895 melius
406 844 502 904 referet3
512 859 652 907 mecumque
663 842 755 893 fovebit

166 928 284 974 Romanos
294 940 374 975 rerum
383 924 490 973 dominos
500 934 640 990 gentemque
650 933 763 989 togatam.

164 1004 202 1055 Sic
212 1005 331 1070 placitum.
342 1005 429 1055 Veniet
437 1002 516 1051 lustris
526 1002 661 1051 labentibus
669 1014 739 1061 aetas,
778 1054 781 1058 ,

165 1084 228 1133 Cum
238 1083 322 1132 domus
332 1084 437 1132 Assaraci
446 1074 558 1130 Phthiam
565 1082 687 1147 deresque
697 1085 809 1148 Mycenas

147 1200 151 1209 .
166 1162 265 1212 Servitia
275 1174 378 1228 premet,
388 1180 415 1211 uo
423 1162 492 1210 victis
499 1161 662 1211 dominabitur
668 1161 748 1227 tdrgis.

166 1245 278 1291 Nascetur
287 1239 387 1307 pulchrt
395 1238 512 1303 Troianus
521 1240 611 1306 origine
621 1243 710 1297 Cesar,

166 1321 296 1385 Imperium
304 1325 411 1377 Oceano,
420 1321 508 1368 famam
517 1320 559 1385 qui
569 1319 678 1368 terminet
688 1319 769 1378 astris,

165 1400 255 1456 sanius,
267 1400 280 1446 a
289 1409 376 1466 magno
385 1399 513 1448 demissum
522 1415 609 1447 nomen
620 1399 680 1447 liilo.

166 1483 236 1527 Hunc
245 1490 273 1526 tn
283 1478 341 1527 olim
348 1478 407 1526 ooelo
414 1514 420 1536 ,
428 1478 509 1542 spoliis
516 1478 620 1527 Orientis
629 1489 757 1535 onustum,
816 1498 820 1503 ·

165 1557 272 1622 Accipies
281 1573 361 1607 secura
369 1575 376 1617 ς
386 1557 510 1607 vocabitur
519 1556 558 1606 hic
567 1573 663 1622 quoque
672 1557 742 1605 votis

205 1637 296 1702 Aspera
306 1639 359 1686 tum
368 1638 450 1702 positis
459 1637 581 1685 mitescent
590 1635 753 1685 secedebellis.

166 1718 230 1768 Cana
240 1717 323 1775 Fides,
333 1728 357 1764 et
366 1720 450 1774 Vesta,
461 1721 535 1765 Remo
545 1731 601 1765 nana
609 1714 681 1764 fratre
691 1715 821 1778 Quirinus,

165 1800 223 1845 Jnra
233 1795 337 1845 dabunt:
348 1795 404 1845 dirae
414 1795 475 1844 serto
485 1808 508 1845 et
517 1795 670 1861 compagibus
680 1794 749 1845 trotio

165 1875 312 1924 claudentur
320 1874 377 1924 belli
386 1887 460 1940 porte
470 1893 476 1922 :
488 1877 564 1925 Furor
573 1875 662 1940 impius
672 1874 750 1934 inite,

166 1954 232 2003 Saeva
241 1953 323 2002 sedena
333 1969 404 2018 super
414 1970 491 2014 arma,
501 1967 524 2003 et
533 1967 629 2004 centum
638 1954 733 2003 νὶιιαιιο
742 1950 825 2005 thenit
841 1958 845 1987 '-

166 2036 221 2082 Post
230 2046 323 2098 tergum
333 2033 413 2094 nodis,
423 2031 506 2084 fremet
515 2032 625 2084 honidus
634 2049 675 2085 ore
684 2044 853 2103 cruento-w„

205 2116 261 2161 Haec
271 2113 316 2172 ait,
326 2123 350 2161 et
358 2113 420 2161 Maia
429 2115 536 2179 genitum
545 2113 648 2162 demittit
655 2113 686 2162 ab
696 2113 757 2171 alto,
820 2172 824 2181 Ι

165 2191 199 2240 Ut
209 2202 288 2250 terrae,
297 2203 373 2256 utque
383 2209 451 2242 novae
459 2205 554 2257 pateant
564 2191 785 2258 Carthaginienses

166 2271 275 2337 Hospitio
284 2270 393 2332 Teucris3
405 2288 434 2320 ne
444 2273 486 2320 sati
496 2272 572 2320 nescia
583 2271 646 2321 Dido,

166 2345 265 2398 Finitus
276 2362 369 2399 arceret
379 2351 451 2403 Volat
460 2350 499 2400 ille
509 2367 551 2415 per
560 2353 613 2399 aera
622 2364 737 2416 magnum

166 2429 272 2494 Remigio
281 2430 384 2488 alenam,
394 2445 419 2477 ac
430 2429 512 2495 Libyn
519 2431 579 2481 citus
587 2429 676 2479 adstitit
683 2429 739 2479 oria·

166 2505 254 2571 Etiam
264 2507 327 2570 jussa
337 2503 404 2567 facit5
415 2520 556 2574 ponuntque
565 2508 650 2558 ferocia
659 2511 729 2559 Poeni

83 2584 86 2591 '
165 2587 254 2645 Corda,
265 2589 359 2636 volente
370 2591 419 2636 Deo
429 2606 435 2635 :
446 2588 563 2654 inprimis
573 2588 781 2654 Reginaqaietum

166 2666 258 2732 Accipit
267 2668 292 2714 in
301 2671 403 2716 Teucros
413 2668 520 2720 animum
528 2679 678 2734 mentemque
688 2667 824 2733 benignam.
856 2700 877 2723 .1

205 2748 238 2794 At
248 2748 301 2810 pius
311 2751 408 2804 AEneas,
420 2763 463 2812 per
473 2760 566 2798 noctem
574 2747 678 2812 plurima
687 2722 879 2806 velvenis&

166 2827 199 2872 Ut
208 2825 314 2890 primurn
323 2827 365 2875 lux
374 2827 435 2874 alma
445 2827 499 2876 data
509 2827 762 2892 est‚exi1e,1000squt

166 2905 294 2968 Explorare
303 2920 392 2968 noros3
402 2921 461 2970 quat
470 2919 542 2959 vento
547 2906 671 2959 amnuit
679 2921 746 2965 ΟΜ»

168 2998 193 3032 v.
212 2986 275 3055 305.
