1974 3772
348 226 564 302 intimatis.
584 229 633 280 xl:
750 226 753 233 ·
810 219 861 274 353

123 327 262 375 Lustravere
272 325 296 374 in
307 322 385 390 equis,
396 326 548 390 ululatusque
559 341 599 373 ore
608 323 700 372 dedere.

123 407 244 471 Spargitur
254 417 277 453 et
287 406 356 452 tellus
365 405 487 471 lacrymis,
497 416 640 469 sparguntur
649 416 673 450 et
683 418 746 449 anna
756 419 762 449 t
802 418 804 423 ·
825 418 827 423 ·

122 488 145 533 It
154 485 214 532 coelo
224 485 358 546 clamorque
376 474 468 540 virdim,
478 483 618 547 clangorque
627 483 747 531 tubarum.

124 564 185 610 Hinc
195 563 233 609 alii
244 563 318 626 spolia
327 563 406 610 occisis
416 562 511 626 derepta
521 562 609 609 Latinis

121 640 258 704 Conjiciunt
269 641 329 704 igni,
339 641 427 705 galeas,
437 657 550 704 ensesque
559 640 668 696 decoros,

123 723 260 783 Frenaque,
270 719 431 784 ferventesque
442 731 503 767 rotas
513 737 519 779 3
534 735 588 783 pars
598 734 697 767 munera
706 729 775 778 nota,

124 803 232 863 ipsorum
243 797 349 863 clypeos,
360 810 383 847 et
393 816 441 846 non
452 797 526 845 felicia
536 797 589 845 tela.
766 783 769 788 .

123 862 199 926 Mitlta
208 877 283 924 boum
292 878 351 924 circli
361 889 492 925 mactantur
502 893 601 941 corpora
608 876 692 935 morti;
705 903 707 907 .

123 947 284 1020 Setigcrosque
294 973 359 1015 sues,
369 968 493 1020 raptasque
503 971 532 1003 ex
541 954 652 1003 omnihus
662 955 723 1020 agris

122 1041 151 1083 In
162 1033 281 1083 flammam
290 1032 398 1099 jugulant
406 1035 522 1098 pecudes:
534 1035 586 1080 tiam
595 1034 672 1081 littore
682 1045 732 1080 toto

123 1113 238 1162 Ardentes
248 1125 353 1176 spectant
363 1113 449 1170 socios,
459 1112 616 1174 semiustaque
626 1122 720 1158 servant

123 1197 206 1250 Busta;
218 1206 294 1255 neque
305 1190 374 1237 avelli
383 1202 496 1254 possunt,
505 1206 553 1238 nox
562 1187 660 1240 humida
670 1188 744 1238 donec
815 1224 817 1243 ,

124 1270 222 1319 invertit
232 1270 319 1317 coelum
328 1269 399 1317 stellis
409 1267 553 1336 fulgentibus
563 1279 652 1332 aptum.

163 1352 210 1398 Nec
220 1348 298 1395 minias
309 1360 332 1397 et
339 1349 417 1396 miseri
427 1348 518 1396 diversi
528 1348 629 1411 in-parte
639 1346 717 1394 Latini

123 1433 261 1476 Innumeras
271 1430 374 1477 struxere
383 1444 468 1493 pyras;
478 1421 502 1475 et
511 1442 608 1490 corpora
618 1425 705 1490 partlm

123 1508 199 1556 Multa
209 1506 288 1555 virdun
298 1518 363 1555 terrae
374 1504 505 1564 infodiunt,
516 1496 642 1569 avectaque
649 1504 738 1567 partlm
816 1491 818 1495 ¹

124 1586 247 1635 Finitimos
257 1585 345 1633 tollunt
355 1587 379 1632 in
389 1601 468 1650 agros,
478 1583 580 1648 urbique
589 1582 720 1631 remittunt.

122 1668 218 1722 Cetera,
228 1662 378 1728 confusaeque
389 1664 507 1728 ingentem
516 1662 585 1711 caedis
594 1677 718 1720 acervum,

124 1745 171 1791 Nec
181 1760 280 1803 numero
290 1759 333 1790 nec
341 1740 432 1791 lmnore
441 1753 551 1790 cremant.
562 1746 630 1790 Tunc
640 1740 746 1804 undique
755 1737 817 1788 vasti

123 1809 235 1871 Certatim
245 1823 331 1870 crebris
341 1821 456 1870 collucent
465 1821 559 1885 ignibus
569 1821 624 1885 agri.
807 1825 808 1828 ’

103 1948 105 1955 ,
162 1901 240 1948 Tertia
250 1901 292 1948 lux
301 1901 401 1966 gelidam
410 1900 469 1950 ooelo
479 1900 608 1948 dimoverat
618 1900 743 1949 umbram:
774 1908 777 1912 ⁴

124 1984 249 2029 Moerentes
259 1981 334 2029 altum
340 1982 442 2029 cinerem
450 1993 474 2030 et
483 1978 580 2029 confusa
590 1979 698 2027 ruebant·

123 2063 182 2108 Ossa
193 2059 261 2118 focis,
270 2060 397 2126 tepidoque
406 2060 535 2109 onerabant
545 2075 626 2126 aggere
636 2071 709 2106 terrae.

124 2144 177 2188 Jam
187 2141 243 2187 vero
253 2140 277 2186 in
288 2141 352 2188 tectis
361 2140 489 2204 praedivitis
498 2139 557 2187 urbe
568 2138 645 2186 Latini

124 2215 259 2281 Praecipuus
269 2214 355 2281 fragor,
366 2230 389 2265 et
398 2219 462 2282 longi
471 2234 525 2281 pars
534 2218 636 2264 maxima
645 2216 730 2264 luctds.

125 2298 169 2343 Hic
179 2306 276 2354 matres,
286 2295 422 2358 miseraeque
432 2312 518 2354 nurus,
528 2293 566 2342 hic
577 2311 628 2341 cara
638 2309 745 2343 sororum

124 2380 220 2422 Pectora
230 2374 384 2431 moerentllm,
394 2374 510 2439 puerique
519 2373 656 2439 parendus
666 2371 728 2430 orbi,

124 2455 209 2510 Dirum
218 2463 366 2501 exsecrantur
373 2452 476 2510 bellum,
485 2454 606 2517 'fumique
616 2450 752 2516 hymenaeos
760 2468 766 2510 ;

125 2535 207 2594 Ipsum
218 2530 435 2596 armis,·ipsumque
446 2522 530 2595 jubent
536 2524 658 2580 decernere
669 2529 742 2587 ferro,

126 2609 176 2674 Qui
186 2625 285 2673 regnum
294 2611 366 2658 ltaliae
377 2623 400 2658 et
409 2613 497 2675 primos
507 2611 553 2658 sibi
562 2622 642 2674 poscat
650 2606 759 2660 honotes.

126 2693 236 2752 Ingravat
245 2686 295 2736 haec
305 2705 380 2736 saevus
391 2693 505 2747 Drances,
515 2689 639 2752 solumque
649 2689 726 2736 vocari
746 2704 748 2711 ’
813 2708 819 2719 ·

124 2769 246 2822 Testatur,
257 2767 335 2815 solum
343 2768 408 2832 posci
418 2769 442 2815 in
453 2769 578 2817 certamina
589 2771 705 2815 Turnum.

126 2845 202 2895 Multa
212 2846 283 2894 simul
292 2847 373 2897 contris
383 2847 452 2896 variis
463 2847 576 2896 sententia
585 2847 655 2896 dictis
735 2896 740 2903 ,

126 2942 153 2978 Y·
168 2940 231 2975 222.
673 2942 717 2975 ου.
