1974 3772
168 269 170 272 ’
186 284 235 326 129
394 269 524 317 PUBLII
543 270 717 317 VIRGlLll
759 276 763 281 “

182 365 279 418 Praemia
289 367 359 431 digna
369 365 451 415 ferant.
464 371 524 429 Quin
533 380 556 415 te
566 370 615 415 tim
621 362 676 417 laete
683 368 790 418 ulerunt

181 445 280 505 secute?
291 448 334 510 qui
343 447 402 494 tanti
413 447 484 494 colem
493 449 594 511 genuere
603 446 729 511 parentes?

182 532 209 576 ln
220 525 278 575 sreta
288 527 346 574 dirrrr
356 525 424 574 fluvii
433 538 541 584 current,
551 526 610 574 dum
618 527 742 576 montibus
751 526 845 579 umbm

182 606 327 656 Lustrnbunt
336 622 453 664 convexa,
463 606 533 669 polue
543 605 602 653 dum
610 605 685 655 sidera
694 619 789 670 pascet,

99 678 102 683 ’
181 687 278 751 Semper
287 683 375 742 honos,
386 701 523 749 nomenque
529 696 611 742 tuum,
620 684 748 750 laudesque
758 688 904 749 manebunt,

101 808 105 813 .
182 768 242 829 Quae
252 780 290 812 me
300 780 402 829 cumque
412 777 498 812 vocant
507 775 580 812 terre.
591 765 628 812 Slc
638 761 711 822 fetus,
721 759 826 815 amicum

60 906 64 911 Ι
180 844 269 891 Ilionea
278 843 338 907 petit
348 842 441 900 dextri,
451 843 557 907 laevique
567 845 700 904 Serestum

128 974 132 979 ,
180 924 246 979 Post,
256 923 323 980 alios,
334 921 465 986 fortemque
475 925 559 988 Gyan,
570 923 701 987 fortemque
711 925 865 982 Cloanthum.

220 1001 351 1065 Obstupuit
359 1002 438 1065 primu
446 1013 542 1065 aspectu
552 1001 647 1050 Sidonia
657 1003 732 1062 Dido,

181 1083 243 1131 casu
253 1080 337 1128 deinde
345 1081 390 1127 viri
398 1092 478 1139 tauto3
487 1093 512 1129 et
522 1081 554 1129 ric
563 1098 604 1129 ore
613 1081 692 1130 locuta
702 1095 736 1131 eet
747 1101 755 1132 e

181 1160 242 1226 Quia
252 1173 288 1218 te,
298 1171 353 1208 nete
363 1161 425 1212 net,
435 1172 552 1225 pertenta
563 1160 667 1226 pericula
677 1176 746 1209 cesus

180 1237 333 1304 Insequitur?
343 1254 397 1305 quae
406 1239 443 1287 vis
454 1239 597 1296 immanibus
608 1240 712 1304 applicat'
719 1238 785 1289 orie?

180 1323 247 1368 Tune
258 1319 297 1368 ille
307 1323 405 1378 AEneee,
414 1335 488 1384 quern
497 1319 616 1367 Dardanio
625 1315 735 1369 Anchieae

180 1398 250 1446 Alma
260 1403 342 1448 Venus
352 1396 449 1464 Phrygii
459 1399 540 1463 genuit
549 1398 676 1446 Simoentis
685 1398 714 1446 ad
724 1398 814 1446 undam
824 1397 835 1446 i

181 1477 259 1542 Atque
270 1477 379 1542 equidem
389 1482 507 1526 Teucrum
516 1477 613 1526 memini
623 1477 710 1526 Sidone
720 1477 814 1537 venire,

180 1557 280 1607 Finibus
289 1557 414 1622 expulsum
423 1557 518 1621 patriis,
528 1573 590 1605 nova
599 1573 671 1621 regna
682 1568 806 1621 petentem

180 1637 276 1686 Auxilio
286 1636 342 1685 Beli.
354 1636 454 1685 Genitor
463 1637 516 1684 tiun
525 1636 595 1685 Belua
605 1636 711 1700 opimam

181 1716 294 1768 vertebat
304 1718 425 1782 Cyprum,
435 1728 459 1764 et
467 1717 542 1765 victor
552 1715 640 1764 ditione
650 1715 754 1764 tenebat.

180 1799 296 1860 Tempore
306 1794 354 1857 jam
364 1811 392 1844 ex
401 1792 443 1843 illo
452 1811 519 1844 cecus
528 1793 588 1843 mihi
597 1795 705 1861 cognitur
714 1794 783 1842 urb'ir

180 1874 300 1938 Trojanoe,
311 1890 445 1938 nomenque
454 1886 536 1932 tuum,
546 1890 658 1939 regesque
667 1873 764 1938 Pelasgi.

181 1958 234 2018 lpse
244 1953 317 2002 hostis
326 1958 428 2001 Teucros
439 1954 523 2018 insigni
533 1953 602 2002 leude
613 1953 715 2012 ferebat,

181 2035 257 2098 Seque
267 2046 346 2083 ortum
356 2034 452 2097 antiqui
461 2036 606 2082 Teucrorum
617 2033 710 2097 lstirpe
720 2032 824 2082 volebat.
873 2036 875 2040 ’

182 2116 262 2176 Quare
272 2115 345 2179 agite,
355 2115 370 2161 ὀ
380 2115 458 2170 tectis,
471 2112 581 2176 juvenes,
591 2113 707 2161 succedite
715 2112 810 2160 nostris.

182 2195 220 2241 Me
229 2209 325 2257 quoque
334 2208 378 2256 per
386 2191 473 2240 multos
483 2190 564 2238 similis
575 2189 668 2238 fortuna
678 2188 770 2237 laborer

183 2271 295 2320 laetatam
305 2269 350 2321 hac
359 2272 456 2320 demum
465 2270 542 2318 voluit
551 2269 675 2318 consistere
686 2270 754 2316 terri.

183 2352 234 2397 Non
245 2351 323 2414 ignara
333 2353 402 2410 meli,
410 2351 500 2398 miseris
509 2365 642 2398 succurrere
652 2348 724 2396 disco.

221 2430 258 2477 Sic
267 2441 382 2477 memorat
393 2447 399 2476 :
410 2430 480 2476 simul
490 2434 582 2477 AEnean
592 2430 616 2475 in
627 2427 688 2492 regia
699 2426 766 2476 ducit

181 2510 265 2568 Tecta;
276 2509 347 2556 simul
356 2511 444 2557 Divum
454 2509 548 2573 templis
558 2508 640 2556 indicit
649 2505 771 2555 honorem.

183 2589 230 2635 Nec
238 2587 317 2634 mimis
327 2588 415 2635 iuterel
424 2588 492 2636 sociis
503 2589 532 2636 ad
541 2588 620 2636 littore
630 2586 703 2634 mittit

182 2667 272 2732 Viginti
282 2679 374 2725 tauros,
384 2683 525 2732 magnorum
534 2666 653 2715 horrentia
663 2677 760 2714 eentum
821 2666 824 2672 '
850 2676 854 2735 f

182 2749 255 2810 Terga
265 2762 348 2805 suurn,
358 2746 457 2812 pingues
466 2759 562 2794 centum
572 2762 627 2794 cum
635 2745 752 2813 matribus
760 2759 853 2810 agnon„

182 2828 293 2883 Munera,
302 2825 454 2890 letitiamque
464 2825 514 2873 Dei.

158 2948 161 2955 .
221 2905 254 2957 At
263 2905 348 2971 domna
358 2905 454 2954 interior
464 2905 535 2970 reguli
544 2905 666 2972 rplendida
675 2905 736 2953 luxu

185 2994 209 3036 i.
227 2983 291 3057 637.
692 2991 700 3009 ⁸
