1974 3772
672 54 677 81 l

165 250 215 305 150
371 247 503 295 PUBLH
523 248 695 297 VlRGlLll

163 347 304 397 Coelioolilm
312 345 360 411 regi
368 346 502 394 mactabam
514 345 539 401 in
549 346 627 403 littore
636 355 735 395 taurum.

164 429 235 475 Forte
245 423 292 474 fuit
300 423 365 489 juxte
375 425 494 482 tumulus,
504 441 553 488 quo
563 441 648 473 cornea
656 441 751 485 summo

164 506 285 572 Virgults‚
295 517 318 552 et
328 504 405 553 densis
414 502 539 561 hnstilibus
547 500 641 553 horrida
650 516 750 569 myrtus.
801 492 806 501 ¹

162 585 268 642 Accessi,
279 583 424 647 viridemque
434 584 465 631 nb
478 581 551 631 humo
562 583 692 631 convellere
701 583 787 641 silvam

163 667 280 720 (innatus,
290 663 361 713 ramis
371 674 472 728 tegerem
481 673 509 711 ut
518 660 683 710 frondentibus
693 679 745 723 erus
749 700 757 725 ,

163 742 315 791 Horrendum
324 754 347 789 et
357 742 422 802 diem
432 742 500 789 video
509 741 617 789 mirabile
626 754 767 805 moustrffi

164 823 236 879 Nam,
246 838 300 886 quse
309 821 385 886 prims
395 822 445 870 solo
454 821 531 885 ruptis
541 820 657 869 radicibus
668 821 737 870 arbos

142 895 145 899 ⁴
162 901 278 959 vellitur,
288 898 344 948 huic
353 912 403 948 atro
414 901 538 963 liquuntur
547 901 661 964 sanguine
671 912 756 964 guttae,

163 983 194 1027 Et
204 991 290 1028 tetram
300 979 355 1027 tnho
365 979 489 1027 maculant.
501 977 561 1025 Mihi
570 976 667 1042 frigidm
677 976 762 1028 horror
852 1013 859 1025 .

162 1059 270 1108 Membra
279 1058 367 1123 quatit,
378 1057 514 1127 gelidusque
524 1059 571 1105 coit
581 1057 706 1107 formidine
715 1061 817 1125 sanguis.

164 1139 254 1188 litusbs
264 1149 288 1185 et
297 1136 391 1185 alterius
400 1137 492 1185 lentum
502 1137 631 1184 convellere
641 1137 721 1185 vimen

164 1221 290 1281 lnseqmn,
301 1229 324 1266 et
333 1233 413 1264 causas
423 1216 517 1280 penitus
525 1227 614 1264 tentare
623 1217 721 1265 latentes
729 1234 735 1276 ς

163 1297 230 1345 Alter
240 1308 263 1344 et
272 1295 367 1345 alterius
376 1312 431 1359 sequ
435 1296 482 1342 itur
492 1295 521 1343 de
531 1295 615 1342 cortice
624 1295 725 1360 sanguis.

163 1375 239 1424 Mults
249 1390 346 1422 movens
356 1373 435 1423 animo
440 1408 448 1435 ,
458 1371 581 1439 Nymphas
592 1373 720 1432 venerubar
732 1382 832 1440 agmins
838 1411 846 1435 ,
866 1373 872 1379 ”

164 1453 344 1516 Gradivumque
352 1465 457 1519 petrem,
468 1453 556 1510 Geticis
566 1454 608 1517 qui
617 1452 727 1518 presidet
736 1454 799 1513 artis
803 1489 811 1515 ,

164 1533 217 1581 Rite
227 1533 382 1581 secundarent
390 1533 468 1590 visus,
478 1549 595 1598 omenque
604 1533 717 1581 levarent.

162 1612 241 1659 Tertia
252 1610 293 1660 sed
303 1612 429 1676 postquem
438 1610 526 1674 majore
536 1609 629 1671 hostilis
639 1612 691 1661 nisu

163 1690 305 1756 Aggredior,
315 1691 460 1756 genibusque
470 1691 572 1748 adverse
582 1690 691 1739 obluctor
701 1706 777 1739 rreum
788 1710 794 1738 :

164 1771 281 1835 Eloquar,
291 1786 322 1818 nn
331 1770 429 1819 sileam?
440 1770 541 1837 gemitus
550 1769 709 1835 lacrymabilis
718 1769 767 1818 imo

165 1849 267 1898 Auditur
278 1850 383 1906 tumulo,
393 1861 417 1898 et
427 1866 473 1897 vox
482 1849 573 1898 redditu
582 1848 656 1899 fertur
666 1849 696 1897 ed
706 1864 773 1905 emes
785 1867 791 1894 z

165 1928 231 1990 Quid
240 1928 366 1988 miserum,
375 1932 460 1986 AEnen,
470 1926 573 1976 lateras?
584 1925 631 1992 jam
641 1943 711 1994 paros
717 1928 826 1992 sepulto3

164 2010 233 2055 Parce
244 2006 294 2070 pias
305 2006 415 2055 scelerare
424 2023 509 2056 manus
520 2025 526 2054 ε
536 2023 585 2055 non
595 2022 633 2055 me
643 2007 687 2057 tibi
696 2005 767 2070 Trojn

111 2126 113 2137 ,
164 2091 294 2135 Externum
304 2085 371 2144 tulit,
380 2084 446 2134 haud
456 2103 525 2134 cruor
534 2083 573 2135 bie
583 2087 612 2135 de
622 2085 701 2150 stipite
711 2098 799 2135 munet.

163 2167 231 2214 lieni
242 2163 297 2232 fuge
307 2166 411 2217 crudeles
421 2178 507 2227 terrns3
517 2166 572 2232 luge
581 2166 647 2215 littus
658 2182 764 2217 avarum.

164 2247 224 2293 Nam
232 2245 363 2311 Polydorus
374 2262 416 2312 ego
428 2263 433 2292 :
444 2243 484 2294 hit
492 2241 612 2294 confixum
621 2244 694 2293 ferrea
704 2243 775 2295 texit-

163 2323 275 2372 Telorum
286 2340 361 2389 seges,
373 2338 395 2372 et
404 2323 486 2389 jaculis
496 2324 595 2373 increvit
604 2325 684 2372 acutis.

202 2404 266 2449 Tum
275 2419 331 2452 vero
341 2405 437 2468 ancipiti
447 2415 550 2453 mentem
560 2403 685 2459 formidine
694 2418 789 2468 pressus

163 2481 296 2545 Obstupui,
307 2493 467 2548 steteruntque
477 2499 563 2542 come,
574 2495 597 2530 et
608 2499 653 2532 vox
664 2479 772 2541 {suntin
782 2480 858 2552 bresit

164 2564 234 2609 llnnc
244 2560 389 2626 Polydorum
399 2563 449 2611 nuri
460 2563 581 2627 quondam
588 2579 644 2611 cum
653 2561 757 2631 pondere
767 2576 854 2627 magno

164 2639 247 2688 Infelix
257 2640 362 2687 biamus
372 2642 455 2690 furtim
464 2643 586 2691 mandiret
596 2641 707 2714 alendum

162 2718 272 2767 Threicio
282 2720 342 2784 regi,
352 2722 408 2769 cinn
417 2720 465 2784 iarn
475 2719 589 2771 diffideret
597 2721 667 2771 armis

166 2798 299 2856 Dardanios,
310 2800 417 2865 cingique
427 2801 512 2848 urbem
522 2801 644 2850 obsidione
655 2799 752 2849 videret.

165 2877 219 2936 llle,
229 2888 257 2925 ut
266 2893 322 2942 opes
331 2876 408 2928 fractu¹
418 2883 439 2927 T
439 2883 537 2929 sucrum
541 2916 548 2941 ,
560 2892 583 2929 et
592 2880 686 2931 fortuna
697 2869 804 2948 recessit}
904 2923 906 2928 .

166 2974 190 3009 v.
209 2954 252 3008 53.

139 3380 146 3407 l
