1974 3772
345 257 642 307 stauratium.
816 259 867 326 389
913 318 917 322 q

126 354 218 418 Agmen
228 352 276 418 agit
286 370 292 400 ε
302 353 368 401 densi
378 354 458 403 cuneis
468 373 492 404 se
502 356 602 421 qtrisque
612 358 696 406 coactis

125 432 298 497 Agglomerout.
310 434 375 481 Ferit
383 450 436 490 cnse
446 451 541 500 gravem
549 435 707 502 Thymbraeus
717 437 818 495 Osirim;

124 507 264 558 Archetium
272 510 421 569 Mnestheus,
431 515 567 577 Epulonem
579 515 704 563 obtruncat
714 513 827 569 Achates,

60 622 64 637 .
124 587 283 653 Ufentemque
293 592 366 656 Gyas.
376 591 445 639 Cadit
455 592 504 655 ipse
514 594 654 641 Tolumnius
664 609 752 660 augur,

124 669 218 716 Primus
228 669 253 715 in
264 668 372 717 adversos
383 671 457 718 telum
466 671 507 734 qui
518 684 616 720 torserat
625 670 710 722 hostes.

123 747 226 795 Tollitur
235 747 260 794 in
269 748 356 796 ooelum
366 749 454 796 clamor
463 785 470 807 ,
480 751 587 814 versique
598 751 700 799 vicisslm

123 826 290 874 Pulverulonta
300 828 356 891 suga
367 828 449 876 Rutuli
459 829 516 895 lant
525 841 588 896 terga
598 845 640 893 per
650 847 723 895 agros.

124 907 176 968 lpse
187 921 263 968 neque
274 906 382 955 adversos
392 907 502 971 dignatur
510 920 610 956 sternere
620 909 690 957 morti
699 928 706 970 3

124 986 171 1030 Nec
182 984 240 1046 pede
250 1001 385 1049 congressos
395 1001 476 1049 aequo,
487 1003 530 1034 nec
539 989 584 1035 tela
596 987 694 1036 serentes

124 1063 258 1125 Insequitur
269 1081 274 1108 :
286 1063 363 1111 solum
373 1064 444 1112 densa
455 1066 479 1111 iu
489 1066 586 1128 caligine
596 1071 705 1114 Turnum

123 1140 229 1204 Vestigat
238 1141 352 1199 lustrans,
363 1144 441 1189 solum
449 1143 473 1189 in
483 1144 608 1190 certamina
619 1143 700 1206 poscit.

141 1240 145 1249 ·
163 1224 214 1266 Hoc
223 1237 334 1268 concussa
344 1232 409 1269 metu
418 1233 522 1269 mentem
532 1226 544 1270 J
548 1233 633 1270 uturna
643 1223 723 1286 virago

122 1298 236 1363 Aurigam
245 1299 321 1346 Turni
331 1299 408 1348 media
417 1301 478 1348 inter
487 1300 538 1348 lora
547 1301 670 1349 Metiscum

122 1377 230 1435 Excutit,
238 1389 262 1425 et
271 1379 340 1443 longe
349 1379 443 1443 lapsum
451 1392 544 1428 temone
554 1380 664 1444 relinquit
675 1398 681 1427 ε

122 1461 178 1520 Ipsa
187 1456 264 1514 subit,
274 1457 430 1521 manibusque
441 1459 556 1512 undantes
567 1459 639 1507 flectit
649 1456 765 1517 habenas,

121 1536 213 1583 Cuncta
224 1551 317 1600 gerens,
328 1552 468 1600 vocemque,
479 1550 501 1584 et
511 1555 608 1602 corpus,
619 1550 642 1585 et
652 1554 715 1586 arma
726 1537 822 1586 Metisci.

121 1613 192 1680 Nigra
200 1614 266 1661 velut
275 1631 371 1680 magnas
381 1615 470 1664 domini
480 1619 534 1664 clun
544 1617 624 1664 divitis
634 1617 696 1664 aedes

120 1693 243 1749 Pervolat,
251 1705 275 1740 et
283 1695 367 1757 pennis
378 1695 423 1741 alta
434 1696 491 1742 atria
499 1695 584 1743 lustrat
593 1684 708 1752 hirundo,

121 1771 210 1820 Pabula
219 1787 292 1834 parva
302 1773 392 1835 legens,
403 1773 509 1837 nidisque
519 1773 657 1838 loquacibus
667 1791 728 1821 escas
737 1793 744 1834 ;

121 1854 152 1898 Et
163 1867 226 1898 nunc
236 1850 365 1914 porticibus
376 1851 467 1911 vacuis,
478 1869 542 1899 nunc
551 1850 648 1901 humida
659 1854 745 1900 circum

64 1946 75 1956 ”
121 1930 206 1995 Stagna
217 1940 284 1976 sonat
296 1946 301 1975 :
313 1929 393 1977 similis
403 1930 491 1978 medios
501 1936 602 1980 lutuma
612 1949 655 1995 per
664 1929 743 1980 hostes

121 2011 206 2056 Fertur
216 2008 295 2071 equis,
306 2008 435 2073 rapidoque
444 2011 526 2058 volans
536 2011 587 2059 obit
597 2013 676 2059 omnia
685 2025 757 2059 curru
768 2025 774 2058 :

121 2093 221 2152 Jamque
231 2084 270 2134 hic
280 2103 430 2154 germanum,
440 2087 534 2155 jamque
544 2089 583 2139 liic
593 2103 694 2139 ostentat
704 2103 828 2147 ovantcm;

121 2170 169 2215 Nec
179 2165 283 2215 conferre
293 2184 391 2216 manum
399 2169 488 2232 patitur
499 2187 505 2227 ;
516 2171 580 2217 volat
591 2171 642 2216 avia
652 2171 727 2234 longai.

122 2245 193 2294 Haud
202 2245 281 2294 minias
291 2250 375 2293 AEneas
385 2258 457 2294 tortos
467 2248 523 2310 legit
532 2248 617 2295 obrius
625 2247 709 2303 orbes,

89 2374 93 2381 ,
121 2325 273 2390 Vestigatque
284 2326 374 2381 vuum,
385 2337 408 2372 et
417 2322 511 2388 disjecta
521 2342 564 2389 per
573 2326 665 2390 agmina
675 2328 759 2390 magna

121 2407 186 2457 Voce
196 2416 271 2452 vocat.
283 2404 382 2466 Quoties
392 2405 471 2451 oculos
481 2403 583 2467 conjecit
590 2405 615 2451 in
624 2403 728 2464 hostem,

122 2482 297 2547 Alipedumque
308 2481 387 2548 fugam
397 2501 468 2532 cursu
477 2486 576 2532 tentavit
586 2499 713 2547 equorum,

121 2561 224 2610 Aversor
234 2563 302 2610 toties
311 2579 394 2611 currus
405 2569 505 2611 Jutuma
515 2564 612 2611 retorsit.

122 2641 188 2689 ileu!
200 2641 258 2706 quid
268 2640 336 2707 agat?
348 2643 412 2690 vario
423 2644 579 2706 nequicquam
590 2640 688 2690 ssuctuat
697 2655 768 2699 ustu3

123 2720 272 2784 Diversaeque
284 2733 367 2768 vocant
377 2723 483 2770 animum
492 2723 517 2769 in
527 2723 640 2770 contraria
651 2736 719 2768 curae.

164 2800 223 2846 Huic
234 2803 366 2864 Messapus,
375 2803 411 2849 uti
421 2802 480 2850 laeva
490 2802 537 2849 duo
549 2801 607 2849 sorte
617 2800 710 2864 gerebat

122 2883 209 2938 Lenta,
219 2880 276 2928 levis
287 2878 474 2946 cursu,praelira
484 2879 576 2929 hastilia
584 2880 658 2939 ferro,

123 2977 148 3011 v.
167 2958 283 3075 ⁴⁸⁹¹*
688 2963 730 3007 323.
