<?xml version="1.0" encoding="UTF-8"?>
<!DOCTYPE html PUBLIC "-//W3C//DTD XHTML 1.0 Transitional//EN"
    "http://www.w3.org/TR/xhtml1/DTD/xhtml1-transitional.dtd">
<html xmlns="http://www.w3.org/1999/xhtml" xml:lang="en" lang="en">
 <head>
  <title>
</title>
<meta http-equiv="Content-Type" content="text/html;charset=utf-8" />
  <meta name='ocr-system' content='tesseract 3.04.00' />
  <meta name='ocr-capabilities' content='ocr_page ocr_carea ocr_par ocr_line ocrx_word'/>
</head>
<body>
  <div class='ocr_page' id='page_1' title='image "./bucolicageorgic01virggoog_0130.png"; bbox 0 0 1974 3772; ppageno 0'>
   <div class='ocr_carea' id='block_1_1' title="bbox 212 249 635 316">
    <p class='ocr_par' dir='ltr' id='par_1_1' title="bbox 212 249 635 316">
     <span class='ocr_line' id='line_1_1' title="bbox 212 249 635 316; baseline 0.007 -4"><span class='ocrx_word' id='word_1_1' title='bbox 212 249 214 251; x_wconf 69' lang='grc'><strong><em>’</em></strong></span> <span class='ocrx_word' id='word_1_2' title='bbox 281 267 567 316; x_wconf 48' lang='grc' dir='ltr'><strong>ἱ11111111111111.</strong></span> <span class='ocrx_word' id='word_1_3' title='bbox 599 260 601 265; x_wconf 80' lang='grc'>’</span> <span class='ocrx_word' id='word_1_4' title='bbox 633 264 635 268; x_wconf 77' lang='grc'>’</span> 
     </span>
    </p>
   </div>
   <div class='ocr_carea' id='block_1_2' title="bbox 10 364 978 1467">
    <p class='ocr_par' dir='ltr' id='par_1_2' title="bbox 10 364 978 1467">
     <span class='ocr_line' id='line_1_2' title="bbox 10 364 589 434; baseline -0.002 -18"><span class='ocrx_word' id='word_1_5' title='bbox 10 366 16 373; x_wconf 80' lang='grc'><strong>’</strong></span> <span class='ocrx_word' id='word_1_6' title='bbox 101 371 160 416; x_wconf 85' lang='lat' dir='ltr'><strong>Ecce</strong></span> <span class='ocrx_word' id='word_1_7' title='bbox 170 364 308 415; x_wconf 76' lang='lat' dir='ltr'>trahebatur</span> <span class='ocrx_word' id='word_1_8' title='bbox 317 368 390 431; x_wconf 87' lang='lat' dir='ltr'><strong>passis</strong></span> <span class='ocrx_word' id='word_1_9' title='bbox 400 366 514 414; x_wconf 77' lang='lat' dir='ltr'><strong>Ptiameia</strong></span> <span class='ocrx_word' id='word_1_10' title='bbox 524 367 589 434; x_wconf 77' lang='lat' dir='ltr'><strong>virgo</strong></span> 
     </span>
     <span class='ocr_line' id='line_1_3' title="bbox 57 444 702 511; baseline -0.006 -13"><span class='ocrx_word' id='word_1_11' title='bbox 57 447 173 498; x_wconf 79' lang='lat' dir='ltr'>Crinibus</span> <span class='ocrx_word' id='word_1_12' title='bbox 182 448 196 493; x_wconf 78' lang='grc'><strong>1</strong></span> <span class='ocrx_word' id='word_1_13' title='bbox 206 446 294 510; x_wconf 90' lang='lat' dir='ltr'><strong>templo</strong></span> <span class='ocrx_word' id='word_1_14' title='bbox 304 446 432 494; x_wconf 89' lang='lat' dir='ltr'><strong>Cassandra</strong></span> <span class='ocrx_word' id='word_1_15' title='bbox 443 444 566 511; x_wconf 77' lang='lat' dir='ltr'>adytisque</span> <span class='ocrx_word' id='word_1_16' title='bbox 578 445 702 506; x_wconf 70' lang='lat' dir='ltr'><strong>Minerva,</strong></span> 
     </span>
     <span class='ocr_line' id='line_1_4' title="bbox 58 523 623 584; baseline -0.007 -8"><span class='ocrx_word' id='word_1_17' title='bbox 58 527 97 576; x_wconf 80' lang='lat' dir='ltr'><strong>Ad</strong></span> <span class='ocrx_word' id='word_1_18' title='bbox 108 526 196 575; x_wconf 89' lang='lat' dir='ltr'><strong>ooelum</strong></span> <span class='ocrx_word' id='word_1_19' title='bbox 206 525 304 573; x_wconf 91' lang='lat' dir='ltr'><strong>tendens</strong></span> <span class='ocrx_word' id='word_1_20' title='bbox 313 525 416 573; x_wconf 87' lang='lat' dir='ltr'><strong>ardentia</strong></span> <span class='ocrx_word' id='word_1_21' title='bbox 425 525 514 572; x_wconf 70' lang='lat' dir='ltr'><strong>lumina</strong></span> <span class='ocrx_word' id='word_1_22' title='bbox 525 523 610 574; x_wconf 74' lang='lat' dir='ltr'><strong>frustrl</strong></span> <span class='ocrx_word' id='word_1_23' title='bbox 616 541 623 584; x_wconf 94' lang='lat'>;</span> 
     </span>
     <span class='ocr_line' id='line_1_5' title="bbox 58 603 719 670; baseline -0.005 -15"><span class='ocrx_word' id='word_1_24' title='bbox 58 606 176 663; x_wconf 86' lang='lat' dir='ltr'><strong>Lumina,</strong></span> <span class='ocrx_word' id='word_1_25' title='bbox 187 621 242 653; x_wconf 88' lang='lat' dir='ltr'><strong>narn</strong></span> <span class='ocrx_word' id='word_1_26' title='bbox 252 615 343 652; x_wconf 82' lang='lat' dir='ltr'><strong>teneras</strong></span> <span class='ocrx_word' id='word_1_27' title='bbox 352 603 462 652; x_wconf 84' lang='lat' dir='ltr'><strong>arcebant</strong></span> <span class='ocrx_word' id='word_1_28' title='bbox 472 603 565 653; x_wconf 82' lang='lat' dir='ltr'><strong>vincula</strong></span> <span class='ocrx_word' id='word_1_29' title='bbox 576 605 674 670; x_wconf 73' lang='lat' dir='ltr'><strong>palmas:</strong></span> <span class='ocrx_word' id='word_1_30' title='bbox 714 653 719 663; x_wconf 77' lang='grc'>,</span> 
     </span>
     <span class='ocr_line' id='line_1_6' title="bbox 58 681 697 748; baseline -0.002 -14"><span class='ocrx_word' id='word_1_31' title='bbox 58 687 113 733; x_wconf 79' lang='lat' dir='ltr'><strong>Non</strong></span> <span class='ocrx_word' id='word_1_32' title='bbox 124 684 179 733; x_wconf 90' lang='lat' dir='ltr'><strong>tulit</strong></span> <span class='ocrx_word' id='word_1_33' title='bbox 188 681 250 731; x_wconf 93' lang='lat' dir='ltr'><strong>hanc</strong></span> <span class='ocrx_word' id='word_1_34' title='bbox 259 683 359 748; x_wconf 85' lang='lat' dir='ltr'><strong>speciem</strong></span> <span class='ocrx_word' id='word_1_35' title='bbox 369 683 453 731; x_wconf 70' lang='lat' dir='ltr'><strong>furiati</strong></span> <span class='ocrx_word' id='word_1_36' title='bbox 463 696 541 732; x_wconf 90' lang='lat' dir='ltr'><strong>mente</strong></span> <span class='ocrx_word' id='word_1_37' title='bbox 551 682 697 743; x_wconf 75' lang='lat' dir='ltr'><strong>choroebus,</strong></span> 
     </span>
     <span class='ocr_line' id='line_1_7' title="bbox 58 760 623 829; baseline -0.005 -16"><span class='ocrx_word' id='word_1_38' title='bbox 58 767 91 812; x_wconf 88' lang='lat' dir='ltr'><strong>Et</strong></span> <span class='ocrx_word' id='word_1_39' title='bbox 99 781 149 812; x_wconf 85' lang='lat' dir='ltr'><strong>sese</strong></span> <span class='ocrx_word' id='word_1_40' title='bbox 159 763 263 811; x_wconf 88' lang='lat' dir='ltr'><strong>medium</strong></span> <span class='ocrx_word' id='word_1_41' title='bbox 274 760 353 826; x_wconf 86' lang='lat' dir='ltr'><strong>injecit</strong></span> <span class='ocrx_word' id='word_1_42' title='bbox 362 762 490 811; x_wconf 88' lang='lat' dir='ltr'><strong>moriturus</strong></span> <span class='ocrx_word' id='word_1_43' title='bbox 498 764 523 810; x_wconf 91' lang='lat' dir='ltr'><strong>in</strong></span> <span class='ocrx_word' id='word_1_44' title='bbox 533 780 623 829; x_wconf 79' lang='lat' dir='ltr'><strong>agmen.</strong></span> 
     </span>
     <span class='ocr_line' id='line_1_8' title="bbox 57 841 693 906; baseline -0.003 -14"><span class='ocrx_word' id='word_1_45' title='bbox 57 843 233 906; x_wconf 78' lang='lat' dir='ltr'><strong>Consequimur</strong></span> <span class='ocrx_word' id='word_1_46' title='bbox 243 841 334 899; x_wconf 89' lang='lat' dir='ltr'><strong>cuncti,</strong></span> <span class='ocrx_word' id='word_1_47' title='bbox 344 853 367 889; x_wconf 89' lang='lat' dir='ltr'><strong>et</strong></span> <span class='ocrx_word' id='word_1_48' title='bbox 377 841 454 889; x_wconf 87' lang='lat' dir='ltr'><strong>densis</strong></span> <span class='ocrx_word' id='word_1_49' title='bbox 465 841 605 890; x_wconf 84' lang='lat' dir='ltr'><strong>incurrimus</strong></span> <span class='ocrx_word' id='word_1_50' title='bbox 616 844 693 904; x_wconf 71' lang='lat' dir='ltr'><strong>ermis,</strong></span> 
     </span>
     <span class='ocr_line' id='line_1_9' title="bbox 57 920 591 988; baseline -0.004 -18"><span class='ocrx_word' id='word_1_51' title='bbox 57 923 104 970; x_wconf 83' lang='lat' dir='ltr'><strong>Hic</strong></span> <span class='ocrx_word' id='word_1_52' title='bbox 113 922 219 988; x_wconf 79' lang='lat' dir='ltr'><strong>primum</strong></span> <span class='ocrx_word' id='word_1_53' title='bbox 229 937 258 969; x_wconf 87' lang='lat' dir='ltr'><strong>ex</strong></span> <span class='ocrx_word' id='word_1_54' title='bbox 268 922 315 968; x_wconf 89' lang='lat' dir='ltr'><strong>alto</strong></span> <span class='ocrx_word' id='word_1_55' title='bbox 324 920 417 968; x_wconf 78' lang='lat' dir='ltr'><strong>delubri</strong></span> <span class='ocrx_word' id='word_1_56' title='bbox 427 921 529 969; x_wconf 88' lang='lat' dir='ltr'><strong>eulmine</strong></span> <span class='ocrx_word' id='word_1_57' title='bbox 539 920 591 969; x_wconf 86' lang='lat' dir='ltr'><strong>telis</strong></span> 
     </span>
     <span class='ocr_line' id='line_1_10' title="bbox 57 999 709 1064; baseline 0 -15"><span class='ocrx_word' id='word_1_58' title='bbox 57 1004 199 1050; x_wconf 78' lang='lat' dir='ltr'><strong>Nostrorum</strong></span> <span class='ocrx_word' id='word_1_59' title='bbox 209 1000 345 1057; x_wconf 85' lang='lat' dir='ltr'><strong>obruimur,</strong></span> <span class='ocrx_word' id='word_1_60' title='bbox 354 999 475 1064; x_wconf 81' lang='lat' dir='ltr'><strong>oriturque</strong></span> <span class='ocrx_word' id='word_1_61' title='bbox 484 1002 613 1049; x_wconf 77' lang='lat' dir='ltr'><strong>miserrima</strong></span> <span class='ocrx_word' id='word_1_62' title='bbox 623 1001 709 1061; x_wconf 83' lang='lat' dir='ltr'><strong>caedes,</strong></span> 
     </span>
     <span class='ocr_line' id='line_1_11' title="bbox 57 1075 637 1143; baseline -0.002 -15"><span class='ocrx_word' id='word_1_63' title='bbox 57 1079 189 1128; x_wconf 75' lang='lat' dir='ltr'><strong>Armorum</strong></span> <span class='ocrx_word' id='word_1_64' title='bbox 199 1075 287 1128; x_wconf 82' lang='lat' dir='ltr'><strong>faciest</strong></span> <span class='ocrx_word' id='word_1_65' title='bbox 297 1079 423 1127; x_wconf 87' lang='lat' dir='ltr'><strong>Graiarum</strong></span> <span class='ocrx_word' id='word_1_66' title='bbox 431 1094 509 1127; x_wconf 86' lang='lat' dir='ltr'><strong>errore</strong></span> <span class='ocrx_word' id='word_1_67' title='bbox 519 1077 637 1143; x_wconf 84' lang='lat' dir='ltr'><strong>jubarum.</strong></span> 
     </span>
     <span class='ocr_line' id='line_1_12' title="bbox 56 1158 658 1224; baseline -0.002 -17"><span class='ocrx_word' id='word_1_68' title='bbox 56 1161 122 1208; x_wconf 81' lang='lat' dir='ltr'><strong>Tum</strong></span> <span class='ocrx_word' id='word_1_69' title='bbox 132 1158 220 1215; x_wconf 84' lang='lat' dir='ltr'><strong>Danai,</strong></span> <span class='ocrx_word' id='word_1_70' title='bbox 230 1159 319 1223; x_wconf 81' lang='lat' dir='ltr'><strong>gemitu</strong></span> <span class='ocrx_word' id='word_1_71' title='bbox 330 1170 399 1222; x_wconf 88' lang='lat' dir='ltr'><strong>atque</strong></span> <span class='ocrx_word' id='word_1_72' title='bbox 409 1169 494 1224; x_wconf 76' lang='lat' dir='ltr'><strong>ereptre</strong></span> <span class='ocrx_word' id='word_1_73' title='bbox 505 1158 601 1223; x_wconf 85' lang='lat' dir='ltr'><strong>virginis</strong></span> <span class='ocrx_word' id='word_1_74' title='bbox 611 1159 658 1216; x_wconf 70' lang='lat' dir='ltr'><strong>ira,</strong></span> 
     </span>
     <span class='ocr_line' id='line_1_13' title="bbox 57 1235 630 1302; baseline -0.003 -16"><span class='ocrx_word' id='word_1_75' title='bbox 57 1238 172 1302; x_wconf 78' lang='lat' dir='ltr'><strong>Undique</strong></span> <span class='ocrx_word' id='word_1_76' title='bbox 181 1237 271 1285; x_wconf 83' lang='lat' dir='ltr'><strong>collecti</strong></span> <span class='ocrx_word' id='word_1_77' title='bbox 282 1237 411 1296; x_wconf 82' lang='lat' dir='ltr'><strong>invadunt;</strong></span> <span class='ocrx_word' id='word_1_78' title='bbox 423 1237 547 1284; x_wconf 85' lang='lat' dir='ltr'><strong>acerrimus</strong></span> <span class='ocrx_word' id='word_1_79' title='bbox 556 1235 630 1300; x_wconf 72' lang='lat' dir='ltr'><strong>Aiax,</strong></span> 
     </span>
     <span class='ocr_line' id='line_1_14' title="bbox 57 1280 978 1467; baseline 0 -103"><span class='ocrx_word' id='word_1_80' title='bbox 57 1322 89 1364; x_wconf 86' lang='lat' dir='ltr'><strong>Et</strong></span> <span class='ocrx_word' id='word_1_81' title='bbox 99 1316 186 1382; x_wconf 82' lang='lat' dir='ltr'><strong>gemini</strong></span> <span class='ocrx_word' id='word_1_82' title='bbox 197 1316 297 1373; x_wconf 65' lang='lat' dir='ltr'><strong>Atridae,</strong></span> <span class='ocrx_word' id='word_1_83' title='bbox 308 1317 474 1381; x_wconf 85' lang='lat' dir='ltr'><strong>Dolopumque</strong></span> <span class='ocrx_word' id='word_1_84' title='bbox 485 1315 598 1364; x_wconf 81' lang='lat' dir='ltr'><strong>exercitus</strong></span> <span class='ocrx_word' id='word_1_85' title='bbox 607 1308 688 1365; x_wconf 82' lang='lat' dir='ltr'><strong>omnis</strong></span> <span class='ocrx_word' id='word_1_86' title='bbox 724 1308 726 1312; x_wconf 29' lang='lat'>⁸</span> <span class='ocrx_word' id='word_1_87' title='bbox 745 1283 811 1449; x_wconf 46' lang='lat' dir='ltr'><strong>bl}</strong></span> <span class='ocrx_word' id='word_1_88' title='bbox 830 1374 841 1423; x_wconf 48' lang='grc' dir='ltr'>Ι</span> <span class='ocrx_word' id='word_1_89' title='bbox 849 1354 872 1420; x_wconf 53' lang='lat' dir='ltr'><em>l</em></span> <span class='ocrx_word' id='word_1_90' title='bbox 883 1280 978 1467; x_wconf 41' lang='lat' dir='ltr'><strong>:ffb</strong></span> 
     </span>
    </p>

    <p class='ocr_par' dir='ltr' id='par_1_3' title="bbox 791 1403 978 1430">
     <span class='ocr_line' id='line_1_15' title="bbox 791 1403 978 1430; baseline 0 -9"><span class='ocrx_word' id='word_1_91' title='bbox 791 1403 812 1430; x_wconf 62' lang='lat'><strong>1,</strong></span> <span class='ocrx_word' id='word_1_92' title='bbox 887 1404 906 1421; x_wconf 62' lang='grc'>1,</span> <span class='ocrx_word' id='word_1_93' title='bbox 972 1403 978 1426; x_wconf 66' lang='lat' dir='ltr'><strong>r</strong></span> 
     </span>
    </p>
   </div>
   <div class='ocr_carea' id='block_1_3' title="bbox 57 1394 603 1466">
    <p class='ocr_par' dir='ltr' id='par_1_4' title="bbox 57 1394 603 1466">
     <span class='ocr_line' id='line_1_16' title="bbox 57 1394 603 1466; baseline -0.002 -23"><span class='ocrx_word' id='word_1_94' title='bbox 57 1395 159 1443; x_wconf 78' lang='lat' dir='ltr'><strong>Adversi</strong></span> <span class='ocrx_word' id='word_1_95' title='bbox 168 1407 240 1466; x_wconf 60' lang='lat' dir='ltr'><strong>rupto</strong></span> <span class='ocrx_word' id='word_1_96' title='bbox 250 1404 294 1442; x_wconf 79' lang='lat' dir='ltr'><strong>ceu&#39;</strong></span> <span class='ocrx_word' id='word_1_97' title='bbox 303 1394 424 1460; x_wconf 89' lang='lat' dir='ltr'><strong>quondam</strong></span> <span class='ocrx_word' id='word_1_98' title='bbox 434 1394 528 1442; x_wconf 82' lang='lat' dir='ltr'><strong>uuhine</strong></span> <span class='ocrx_word' id='word_1_99' title='bbox 538 1396 603 1443; x_wconf 83' lang='lat' dir='ltr'><strong>venti</strong></span> 
     </span>
    </p>
   </div>
   <div class='ocr_carea' id='block_1_4' title="bbox 26 1470 746 1761">
    <p class='ocr_par' dir='ltr' id='par_1_5' title="bbox 26 1470 746 1761">
     <span class='ocr_line' id='line_1_17' title="bbox 57 1470 715 1540; baseline -0.005 -16"><span class='ocrx_word' id='word_1_100' title='bbox 57 1470 392 1540; x_wconf 75' lang='lat' dir='ltr'><strong>confligunt‚Zepbyrusque‚</strong></span> <span class='ocrx_word' id='word_1_101' title='bbox 405 1478 541 1538; x_wconf 84' lang='lat' dir='ltr'><strong>Notusque,</strong></span> <span class='ocrx_word' id='word_1_102' title='bbox 549 1486 572 1522; x_wconf 89' lang='lat' dir='ltr'><strong>ct</strong></span> <span class='ocrx_word' id='word_1_103' title='bbox 582 1475 650 1522; x_wconf 84' lang='lat' dir='ltr'><strong>ltetus</strong></span> <span class='ocrx_word' id='word_1_104' title='bbox 661 1477 715 1522; x_wconf 75' lang='lat' dir='ltr'><strong>Eois</strong></span> 
     </span>
     <span class='ocr_line' id='line_1_18' title="bbox 26 1480 746 1761; baseline -0.003 -159"><span class='ocrx_word' id='word_1_105' title='bbox 26 1557 137 1761; x_wconf 59' lang='lat' dir='ltr'><strong>[urus</strong></span> <span class='ocrx_word' id='word_1_106' title='bbox 146 1553 227 1616; x_wconf 71' lang='lat' dir='ltr'><strong>equis3</strong></span> <span class='ocrx_word' id='word_1_107' title='bbox 238 1551 340 1600; x_wconf 84' lang='lat' dir='ltr'><strong>stridunt</strong></span> <span class='ocrx_word' id='word_1_108' title='bbox 349 1553 426 1612; x_wconf 61' lang='lat' dir='ltr'><strong>silvest</strong></span> <span class='ocrx_word' id='word_1_109' title='bbox 438 1553 550 1618; x_wconf 81' lang='lat' dir='ltr'><strong>saevitque</strong></span> <span class='ocrx_word' id='word_1_110' title='bbox 561 1480 746 1702; x_wconf 42' lang='lat' dir='ltr'><strong>entend</strong></span> 
     </span>
     <span class='ocr_line' id='line_1_19' title="bbox 57 1634 73 1681; baseline 0 0"><span class='ocrx_word' id='word_1_111' title='bbox 57 1634 73 1681; x_wconf 91' lang='lat' dir='ltr'>S</span> 
     </span>
    </p>
   </div>
   <div class='ocr_carea' id='block_1_5' title="bbox 53 1629 744 2965">
    <p class='ocr_par' dir='ltr' id='par_1_6' title="bbox 73 1629 671 1696">
     <span class='ocr_line' id='line_1_20' title="bbox 73 1629 671 1696; baseline -0.003 -16"><span class='ocrx_word' id='word_1_112' title='bbox 73 1648 188 1696; x_wconf 89' lang='lat' dir='ltr'><strong>pumeus,</strong></span> <span class='ocrx_word' id='word_1_113' title='bbox 198 1644 269 1696; x_wconf 90' lang='lat' dir='ltr'><strong>atque</strong></span> <span class='ocrx_word' id='word_1_114' title='bbox 278 1631 325 1679; x_wconf 92' lang='lat' dir='ltr'><strong>imo</strong></span> <span class='ocrx_word' id='word_1_115' title='bbox 336 1635 424 1680; x_wconf 89' lang='lat' dir='ltr'><strong>Nereus</strong></span> <span class='ocrx_word' id='word_1_116' title='bbox 433 1632 478 1680; x_wconf 87' lang='lat' dir='ltr'><strong>ciet</strong></span> <span class='ocrx_word' id='word_1_117' title='bbox 487 1647 580 1695; x_wconf 82' lang='lat' dir='ltr'><strong>aequora</strong></span> <span class='ocrx_word' id='word_1_118' title='bbox 589 1629 671 1679; x_wconf 86' lang='lat' dir='ltr'><strong>fundo.</strong></span> 
     </span>
    </p>

    <p class='ocr_par' dir='ltr' id='par_1_7' title="bbox 56 1709 744 2329">
     <span class='ocr_line' id='line_1_21' title="bbox 96 1709 685 1776; baseline 0 -19"><span class='ocrx_word' id='word_1_119' title='bbox 96 1711 134 1758; x_wconf 90' lang='lat' dir='ltr'><strong>llli</strong></span> <span class='ocrx_word' id='word_1_120' title='bbox 145 1712 227 1769; x_wconf 86' lang='lat' dir='ltr'><strong>ctiam,</strong></span> <span class='ocrx_word' id='word_1_121' title='bbox 239 1711 258 1759; x_wconf 88' lang='lat' dir='ltr'><strong>si</strong></span> <span class='ocrx_word' id='word_1_122' title='bbox 268 1727 328 1776; x_wconf 91' lang='lat' dir='ltr'><strong>quos</strong></span> <span class='ocrx_word' id='word_1_123' title='bbox 338 1711 437 1759; x_wconf 72' lang='lat' dir='ltr'><strong>obscura</strong></span> <span class='ocrx_word' id='word_1_124' title='bbox 447 1723 514 1758; x_wconf 90' lang='lat' dir='ltr'><strong>nocte</strong></span> <span class='ocrx_word' id='word_1_125' title='bbox 524 1727 566 1775; x_wconf 86' lang='lat' dir='ltr'><strong>per</strong></span> <span class='ocrx_word' id='word_1_126' title='bbox 575 1709 685 1758; x_wconf 85' lang='lat' dir='ltr'><strong>umbram</strong></span> 
     </span>
     <span class='ocr_line' id='line_1_22' title="bbox 57 1789 620 1856; baseline -0.002 -18"><span class='ocrx_word' id='word_1_127' title='bbox 57 1790 175 1839; x_wconf 83' lang='lat' dir='ltr'><strong>Fudimus</strong></span> <span class='ocrx_word' id='word_1_128' title='bbox 182 1789 284 1848; x_wconf 87' lang='lat' dir='ltr'><strong>insidiis,</strong></span> <span class='ocrx_word' id='word_1_129' title='bbox 295 1793 390 1854; x_wconf 70' lang='lat' dir='ltr'><strong>totaque</strong></span> <span class='ocrx_word' id='word_1_130' title='bbox 400 1790 538 1856; x_wconf 80' lang='lat' dir='ltr'><strong>agitavimus</strong></span> <span class='ocrx_word' id='word_1_131' title='bbox 548 1789 620 1847; x_wconf 87' lang='lat' dir='ltr'><strong>urbe,</strong></span> 
     </span>
     <span class='ocr_line' id='line_1_23' title="bbox 60 1867 593 1935; baseline -0.002 -19"><span class='ocrx_word' id='word_1_132' title='bbox 60 1871 196 1935; x_wconf 77' lang='lat' dir='ltr'><strong>Apparent:</strong></span> <span class='ocrx_word' id='word_1_133' title='bbox 207 1869 277 1935; x_wconf 87' lang='lat' dir='ltr'><strong>primi</strong></span> <span class='ocrx_word' id='word_1_134' title='bbox 287 1869 382 1935; x_wconf 85' lang='lat' dir='ltr'><strong>clypeos</strong></span> <span class='ocrx_word' id='word_1_135' title='bbox 392 1869 536 1934; x_wconf 87' lang='lat' dir='ltr'><strong>mentitaque</strong></span> <span class='ocrx_word' id='word_1_136' title='bbox 547 1867 593 1916; x_wconf 91' lang='lat' dir='ltr'><strong>tela</strong></span> 
     </span>
     <span class='ocr_line' id='line_1_24' title="bbox 56 1948 640 2014; baseline 0.002 -19"><span class='ocrx_word' id='word_1_137' title='bbox 56 1950 208 2014; x_wconf 71' lang='lat' dir='ltr'><strong>Agnoscunt,</strong></span> <span class='ocrx_word' id='word_1_138' title='bbox 219 1960 288 2012; x_wconf 85' lang='lat' dir='ltr'><strong>atque</strong></span> <span class='ocrx_word' id='word_1_139' title='bbox 299 1965 339 1996; x_wconf 85' lang='lat' dir='ltr'><strong>ora</strong></span> <span class='ocrx_word' id='word_1_140' title='bbox 349 1965 407 1996; x_wconf 91' lang='lat' dir='ltr'><strong>sono</strong></span> <span class='ocrx_word' id='word_1_141' title='bbox 416 1948 530 1996; x_wconf 88' lang='lat' dir='ltr'><strong>discordia</strong></span> <span class='ocrx_word' id='word_1_142' title='bbox 541 1948 640 2014; x_wconf 82' lang='lat' dir='ltr'><strong>signant.</strong></span> 
     </span>
     <span class='ocr_line' id='line_1_25' title="bbox 58 2026 709 2093; baseline 0.002 -18"><span class='ocrx_word' id='word_1_143' title='bbox 58 2028 121 2083; x_wconf 79' lang='lat' dir='ltr'><strong>ilicet</strong></span> <span class='ocrx_word' id='word_1_144' title='bbox 131 2027 257 2076; x_wconf 90' lang='lat' dir='ltr'><strong>obruimur</strong></span> <span class='ocrx_word' id='word_1_145' title='bbox 266 2043 365 2075; x_wconf 90' lang='lat' dir='ltr'><strong>numero</strong></span> <span class='ocrx_word' id='word_1_146' title='bbox 377 2047 382 2075; x_wconf 88' lang='lat'>:</span> <span class='ocrx_word' id='word_1_147' title='bbox 395 2028 532 2093; x_wconf 85' lang='lat' dir='ltr'><strong>primusque</strong></span> <span class='ocrx_word' id='word_1_148' title='bbox 543 2026 690 2088; x_wconf 80' lang='lat' dir='ltr'><strong>choroebus,</strong></span> <span class='ocrx_word' id='word_1_149' title='bbox 707 2036 709 2045; x_wconf 63' lang='lat'>‘</span> 
     </span>
     <span class='ocr_line' id='line_1_26' title="bbox 56 2092 744 2171; baseline 0.001 -19"><span class='ocrx_word' id='word_1_150' title='bbox 56 2104 149 2154; x_wconf 85' lang='lat' dir='ltr'><strong>Penelei</strong></span> <span class='ocrx_word' id='word_1_151' title='bbox 160 2106 253 2164; x_wconf 74' lang='lat' dir='ltr'><strong>dextrd,</strong></span> <span class='ocrx_word' id='word_1_152' title='bbox 265 2108 330 2154; x_wconf 72' lang='lat' dir='ltr'><strong>Diva)</strong></span> <span class='ocrx_word' id='word_1_153' title='bbox 340 2107 500 2171; x_wconf 81' lang='lat' dir='ltr'><strong>armipotentis</strong></span> <span class='ocrx_word' id='word_1_154' title='bbox 510 2106 540 2154; x_wconf 86' lang='lat' dir='ltr'><strong>ad</strong></span> <span class='ocrx_word' id='word_1_155' title='bbox 550 2122 613 2155; x_wconf 87' lang='lat' dir='ltr'><strong>aram</strong></span> <span class='ocrx_word' id='word_1_156' title='bbox 739 2092 744 2102; x_wconf 75' lang='lat'>.</span> 
     </span>
     <span class='ocr_line' id='line_1_27' title="bbox 56 2183 668 2250; baseline -0.002 -17"><span class='ocrx_word' id='word_1_157' title='bbox 56 2184 194 2233; x_wconf 86' lang='lat' dir='ltr'><strong>Procumbit</strong></span> <span class='ocrx_word' id='word_1_158' title='bbox 205 2203 211 2231; x_wconf 91' lang='lat'>:</span> <span class='ocrx_word' id='word_1_159' title='bbox 222 2185 284 2233; x_wconf 89' lang='lat' dir='ltr'><strong>cadit</strong></span> <span class='ocrx_word' id='word_1_160' title='bbox 293 2197 317 2234; x_wconf 91' lang='lat' dir='ltr'><strong>ct</strong></span> <span class='ocrx_word' id='word_1_161' title='bbox 327 2183 445 2250; x_wconf 84' lang='lat' dir='ltr'><strong>Ripheus,</strong></span> <span class='ocrx_word' id='word_1_162' title='bbox 456 2184 596 2249; x_wconf 75' lang='lat' dir='ltr'><strong>justissimus</strong></span> <span class='ocrx_word' id='word_1_163' title='bbox 605 2200 668 2232; x_wconf 90' lang='lat' dir='ltr'><strong>unus</strong></span> 
     </span>
     <span class='ocr_line' id='line_1_28' title="bbox 56 2255 632 2329; baseline 0 -17"><span class='ocrx_word' id='word_1_164' title='bbox 56 2265 106 2329; x_wconf 84' lang='lat' dir='ltr'><strong>Qui</strong></span> <span class='ocrx_word' id='word_1_165' title='bbox 116 2261 180 2312; x_wconf 83' lang='lat' dir='ltr'><strong>fuit·</strong></span> <span class='ocrx_word' id='word_1_166' title='bbox 173 2279 199 2311; x_wconf 84' lang='lat' dir='ltr'><strong>su</strong></span> <span class='ocrx_word' id='word_1_167' title='bbox 208 2255 316 2322; x_wconf 81' lang='lat' dir='ltr'><strong>Teucris,</strong></span> <span class='ocrx_word' id='word_1_168' title='bbox 324 2277 347 2312; x_wconf 91' lang='lat' dir='ltr'><strong>et</strong></span> <span class='ocrx_word' id='word_1_169' title='bbox 358 2266 544 2313; x_wconf 86' lang='lat' dir='ltr'><strong>servantissimus</strong></span> <span class='ocrx_word' id='word_1_170' title='bbox 554 2263 632 2328; x_wconf 82' lang='lat' dir='ltr'><strong>aequi·</strong></span> 
     </span>
    </p>

    <p class='ocr_par' dir='ltr' id='par_1_8' title="bbox 53 2342 711 2965">
     <span class='ocr_line' id='line_1_29' title="bbox 55 2342 711 2423; baseline -0.002 -32"><span class='ocrx_word' id='word_1_171' title='bbox 55 2344 97 2391; x_wconf 84' lang='lat' dir='ltr'><strong>Dis</strong></span> <span class='ocrx_word' id='word_1_172' title='bbox 106 2342 204 2391; x_wconf 88' lang='lat' dir='ltr'><strong>aliter&#39;</strong></span> <span class='ocrx_word' id='word_1_173' title='bbox 181 2359 266 2391; x_wconf 78' lang='lat' dir='ltr'><strong>rreum.</strong></span> <span class='ocrx_word' id='word_1_174' title='bbox 274 2346 376 2391; x_wconf 85' lang='lat' dir='ltr'><strong>Pereunt</strong></span> <span class='ocrx_word' id='word_1_175' title='bbox 386 2344 552 2422; x_wconf 75' lang='lat' dir='ltr'><strong>Hypanisque,</strong></span> <span class='ocrx_word' id='word_1_176' title='bbox 564 2346 711 2423; x_wconf 80' lang='lat' dir='ltr'><strong>Dymasque,</strong></span> 
     </span>
     <span class='ocr_line' id='line_1_30' title="bbox 54 2410 657 2487; baseline 0.002 -17"><span class='ocrx_word' id='word_1_177' title='bbox 54 2419 150 2470; x_wconf 82' lang='lat' dir='ltr'><strong>Confixi</strong></span> <span class='ocrx_word' id='word_1_178' title='bbox 160 2424 174 2469; x_wconf 74' lang='lat' dir='ltr'><strong>a</strong></span> <span class='ocrx_word' id='word_1_179' title='bbox 183 2423 267 2470; x_wconf 88' lang='lat' dir='ltr'><strong>sociis.</strong></span> <span class='ocrx_word' id='word_1_180' title='bbox 278 2438 320 2470; x_wconf 87' lang='lat' dir='ltr'><strong>nec</strong></span> <span class='ocrx_word' id='word_1_181' title='bbox 330 2435 353 2471; x_wconf 93' lang='lat' dir='ltr'><strong>te</strong></span> <span class='ocrx_word' id='word_1_182' title='bbox 362 2435 402 2470; x_wconf 88' lang='lat' dir='ltr'><strong>tua</strong></span> <span class='ocrx_word' id='word_1_183' title='bbox 412 2423 527 2487; x_wconf 88' lang='lat' dir='ltr'><strong>plurima,</strong></span> <span class='ocrx_word' id='word_1_184' title='bbox 537 2410 657 2479; x_wconf 85' lang='lat' dir='ltr'><strong>Pautlieu‚</strong></span> 
     </span>
     <span class='ocr_line' id='line_1_31' title="bbox 55 2500 608 2567; baseline 0.004 -19"><span class='ocrx_word' id='word_1_185' title='bbox 55 2502 192 2550; x_wconf 85' lang='lat' dir='ltr'><strong>Labentem</strong></span> <span class='ocrx_word' id='word_1_186' title='bbox 196 2501 270 2567; x_wconf 87' lang='lat' dir='ltr'><strong>pictas</strong></span> <span class='ocrx_word' id='word_1_187' title='bbox 280 2517 323 2550; x_wconf 89' lang='lat' dir='ltr'><strong>nec</strong></span> <span class='ocrx_word' id='word_1_188' title='bbox 332 2502 449 2567; x_wconf 78' lang='lat' dir='ltr'><strong>Apollinis</strong></span> <span class='ocrx_word' id='word_1_189' title='bbox 460 2500 534 2550; x_wconf 90' lang='lat' dir='ltr'><strong>insula</strong></span> <span class='ocrx_word' id='word_1_190' title='bbox 544 2502 608 2550; x_wconf 84' lang='lat' dir='ltr'><strong>texit.</strong></span> 
     </span>
     <span class='ocr_line' id='line_1_32' title="bbox 55 2580 609 2639; baseline -0.002 -11"><span class='ocrx_word' id='word_1_191' title='bbox 55 2581 149 2629; x_wconf 89' lang='lat' dir='ltr'><strong>lliaai</strong></span> <span class='ocrx_word' id='word_1_192' title='bbox 129 2597 232 2639; x_wconf 89' lang='lat' dir='ltr'><strong>cmercs,</strong></span> <span class='ocrx_word' id='word_1_193' title='bbox 242 2593 265 2629; x_wconf 88' lang='lat' dir='ltr'><strong>et</strong></span> <span class='ocrx_word' id='word_1_194' title='bbox 273 2580 367 2629; x_wconf 88' lang='lat' dir='ltr'><strong>ssamma</strong></span> <span class='ocrx_word' id='word_1_195' title='bbox 378 2593 480 2630; x_wconf 85' lang='lat' dir='ltr'><strong>extrema</strong></span> <span class='ocrx_word' id='word_1_196' title='bbox 490 2597 609 2639; x_wconf 84' lang='lat' dir='ltr'><strong>meorum,</strong></span> 
     </span>
     <span class='ocr_line' id='line_1_33' title="bbox 53 2660 610 2720; baseline 0 -14"><span class='ocrx_word' id='word_1_197' title='bbox 53 2660 167 2717; x_wconf 60' lang='lat' dir='ltr'><strong>‘seston³</strong></span> <span class='ocrx_word' id='word_1_198' title='bbox 160 2676 187 2707; x_wconf 90' lang='grc'><strong>111</strong></span> <span class='ocrx_word' id='word_1_199' title='bbox 196 2676 280 2709; x_wconf 80' lang='lat' dir='ltr'><strong>accam</strong></span> <span class='ocrx_word' id='word_1_200' title='bbox 289 2672 379 2720; x_wconf 86' lang='lat' dir='ltr'><strong>vestro,</strong></span> <span class='ocrx_word' id='word_1_201' title='bbox 390 2677 432 2709; x_wconf 86' lang='lat' dir='ltr'><strong>nec</strong></span> <span class='ocrx_word' id='word_1_202' title='bbox 443 2661 488 2708; x_wconf 88' lang='lat' dir='ltr'><strong>tela</strong></span> <span class='ocrx_word' id='word_1_203' title='bbox 498 2677 541 2708; x_wconf 87' lang='lat' dir='ltr'><strong>nec</strong></span> <span class='ocrx_word' id='word_1_204' title='bbox 550 2661 610 2708; x_wconf 85' lang='lat' dir='ltr'><strong>ullas</strong></span> 
     </span>
     <span class='ocr_line' id='line_1_34' title="bbox 54 2730 712 2811; baseline -0.003 -24"><span class='ocrx_word' id='word_1_205' title='bbox 54 2738 171 2788; x_wconf 82' lang='lat' dir='ltr'><strong>vitavisse</strong></span> <span class='ocrx_word' id='word_1_206' title='bbox 181 2739 244 2811; x_wconf 61' lang='lat' dir='ltr'><strong>pices</strong></span> <span class='ocrx_word' id='word_1_207' title='bbox 255 2743 376 2800; x_wconf 68' lang='lat' dir='ltr'><strong>Densum</strong></span> <span class='ocrx_word' id='word_1_208' title='bbox 383 2751 418 2798; x_wconf 88' lang='lat' dir='ltr'><strong>et,</strong></span> <span class='ocrx_word' id='word_1_209' title='bbox 429 2756 448 2787; x_wconf 85' lang='lat' dir='ltr'><strong>s1</strong></span> <span class='ocrx_word' id='word_1_210' title='bbox 441 2740 504 2789; x_wconf 82' lang='lat' dir='ltr'><strong>sata</strong></span> <span class='ocrx_word' id='word_1_211' title='bbox 514 2738 647 2787; x_wconf 85' lang='lat' dir='ltr'><strong>fuissent</strong></span> <span class='ocrx_word' id='word_1_212' title='bbox 643 2730 712 2779; x_wconf 52' lang='lat' dir='ltr'><strong>&#39;W</strong></span> 
     </span>
     <span class='ocr_line' id='line_1_35' title="bbox 54 2813 711 2878; baseline -0.006 -13"><span class='ocrx_word' id='word_1_213' title='bbox 54 2818 89 2866; x_wconf 74' lang='lat' dir='ltr'><strong>bt</strong></span> <span class='ocrx_word' id='word_1_214' title='bbox 97 2816 217 2878; x_wconf 79' lang='lat' dir='ltr'><strong>caderem</strong></span> <span class='ocrx_word' id='word_1_215' title='bbox 227 2835 338 2867; x_wconf 83' lang='lat' dir='ltr'><strong>mermese</strong></span> <span class='ocrx_word' id='word_1_216' title='bbox 347 2835 427 2866; x_wconf 90' lang='lat' dir='ltr'><strong>manu</strong></span> <span class='ocrx_word' id='word_1_217' title='bbox 439 2818 578 2866; x_wconf 77' lang='lat' dir='ltr'><strong>Divellimur</strong></span> <span class='ocrx_word' id='word_1_218' title='bbox 588 2813 657 2875; x_wconf 81' lang='lat' dir='ltr'><strong>rnde</strong></span> <span class='ocrx_word' id='word_1_219' title='bbox 708 2868 711 2874; x_wconf 46' lang='grc'>,</span> 
     </span>
     <span class='ocr_line' id='line_1_36' title="bbox 54 2892 656 2965; baseline -0.002 -23"><span class='ocrx_word' id='word_1_220' title='bbox 54 2893 148 2961; x_wconf 79' lang='lat' dir='ltr'><strong>Iphitus</strong></span> <span class='ocrx_word' id='word_1_221' title='bbox 158 2908 182 2947; x_wconf 90' lang='lat' dir='ltr'><strong>st</strong></span> <span class='ocrx_word' id='word_1_222' title='bbox 191 2892 265 2947; x_wconf 84' lang='lat' dir='ltr'><strong>Pelias</strong></span> <span class='ocrx_word' id='word_1_223' title='bbox 274 2894 380 2959; x_wconf 79' lang='lat' dir='ltr'><strong>matum5</strong></span> <span class='ocrx_word' id='word_1_224' title='bbox 391 2914 493 2965; x_wconf 87' lang='lat' dir='ltr'><strong>quorum</strong></span> <span class='ocrx_word' id='word_1_225' title='bbox 503 2895 596 2964; x_wconf 81' lang='lat' dir='ltr'><strong>Iphitus</strong></span> <span class='ocrx_word' id='word_1_226' title='bbox 606 2909 656 2944; x_wconf 82' lang='lat' dir='ltr'><strong>aevo</strong></span> 
     </span>
    </p>
   </div>
   <div class='ocr_carea' id='block_1_6' title="bbox 55 2974 727 3043">
    <p class='ocr_par' dir='ltr' id='par_1_9' title="bbox 55 2974 727 3043">
     <span class='ocr_line' id='line_1_37' title="bbox 55 2974 727 3043; baseline 0.008 -16.308"><span class='ocrx_word' id='word_1_227' title='bbox 55 2974 159 3040; x_wconf 80' lang='grc'>1..435</span> <span class='ocrx_word' id='word_1_228' title='bbox 607 2987 680 3031; x_wconf 64' lang='lat' dir='ltr'><strong>su·</strong></span> <span class='ocrx_word' id='word_1_229' title='bbox 725 3038 727 3043; x_wconf 59' lang='grc'>,</span> 
     </span>
    </p>
   </div>
   <div class='ocr_carea' id='block_1_7' title="bbox 687 2656 846 2769">
    <p class='ocr_par' dir='ltr' id='par_1_10' title="bbox 708 2656 846 2743">
     <span class='ocr_line' id='line_1_38' title="bbox 769 2656 785 2691; baseline 0 -24"><span class='ocrx_word' id='word_1_230' title='bbox 769 2656 785 2691; x_wconf 54' lang='lat' dir='ltr'><strong>p.</strong></span> 
     </span>
     <span class='ocr_line' id='line_1_39' title="bbox 687 2696 846 2769; baseline -0.029 -34.391"><span class='ocrx_word' id='word_1_231' title='bbox 687 2696 775 2769; x_wconf 44' lang='lat' dir='ltr'><strong>‚spat</strong></span> <span class='ocrx_word' id='word_1_232' title='bbox 843 2718 846 2723; x_wconf 90' lang='lat'>-</span> 
     </span>
    </p>
   </div>
   <div class='ocr_carea' id='block_1_8' title="bbox 0 0 992 3772">
    <p class='ocr_par' dir='ltr' id='par_1_11' title="bbox 0 0 992 3772">
     <span class='ocr_line' id='line_1_40' title="bbox 0 0 992 3772; baseline 0 1"><span class='ocrx_word' id='word_1_233' title='bbox 0 0 992 3772; x_wconf 95' lang='lat' dir='ltr'><strong> </strong></span> 
     </span>
    </p>
   </div>
  </div>
 </body>
</html>
