1974 3772
307 281 433 334 AEnsts.
456 288 521 334 LlB.
544 291 561 332 l.
757 292 807 341 123

63 392 127 439 Cura
135 402 226 451 penum
236 397 339 444 struere,
348 384 482 434 et¹llummis
492 384 584 434 adolere
591 384 699 437 Penates.

63 472 168 518 Centum
178 464 241 523 aliae,
252 465 396 529 totidemque
406 481 473 529 pares
483 477 550 513 aetate
556 466 673 524 ministri,

64 547 114 612 Qui
124 545 227 611 dapibus
237 560 329 593 mensas
338 555 436 593 onerent
442 581 449 604 ,
459 556 483 593 et
492 546 576 609 poeula
589 558 687 611 ponant.

63 630 111 675 Nec
119 642 168 674 non
179 636 203 673 et
211 624 279 690 Tyrii
288 639 331 689 per
339 624 422 672 limina
431 625 484 672 laeta
494 622 626 689 frequentes
696 627 700 636 '

62 706 212 761 Convenere,
223 705 280 752 toris
289 701 347 766 iussi
357 703 503 752 discumbere
512 705 588 768 pictis.

61 785 181 834 Mirantur
191 783 253 831 dona
262 786 355 842 AEneae,
365 784 482 831 mirantur
491 784 583 843 lulum,

63 866 247 930 Flagrantesque
257 863 301 910 Dei
308 863 402 921 vultus,
413 864 568 927 simulataque
578 866 663 921 verba,

63 944 213 1007 Fadumque,
224 953 247 989 et
256 943 347 1006 pictum
357 959 438 990 croceo
448 943 555 990 velamen
565 941 672 991 acantho.

63 1023 184 1087 eraeupus
193 1020 288 1079 infelix,
298 1021 358 1086 pesti
370 1021 456 1070 devota
465 1023 564 1081 futuru,

62 1102 158 1167 Expleri
168 1112 274 1149 mentem
283 1099 378 1165 nequit,
390 1101 535 1166 ardescitque
545 1101 633 1150 tuendo

62 1179 184 1230 Phoenissa
191 1216 198 1239 ,
206 1192 230 1229 et
237 1196 313 1245 puero
323 1180 410 1244 pariter
420 1181 535 1244 donisque
545 1193 662 1229 moretur.

62 1261 114 1319 ille,
125 1260 169 1309 ubi
179 1260 305 1324 complexu
315 1263 394 1308 AEneae
405 1260 512 1324 colloque
522 1259 651 1324 pependit,

63 1343 91 1388 Et
102 1355 217 1405 magnum
227 1335 279 1387 falsi
288 1339 397 1404 implevit
406 1339 515 1405 genitoris
526 1350 642 1398 amorem,

62 1420 177 1486 Reginam
186 1419 253 1484 petit.
264 1422 321 1466 Haec
330 1417 416 1478 oculis,
424 1417 475 1467 haec
483 1431 577 1483 pectore
587 1431 637 1467 toto

61 1504 153 1557 flaemt,
162 1509 185 1547 et
196 1497 316 1546 interdum
325 1498 414 1564 gremio
424 1497 488 1546 fovet
494 1535 500 1558 ,
511 1498 583 1546 inscia
594 1498 654 1546 Dido

61 1578 165 1628 Insideat
174 1589 279 1643 quantis
287 1577 377 1644 uthere
388 1581 451 1625 Deus
462 1595 468 1624 τ
479 1590 503 1624 at
516 1592 605 1624 memor
614 1576 654 1625 ille
712 1621 714 1624 ,

59 1658 142 1709 Matris
151 1657 273 1715 Aeduis,
283 1658 399 1722 paulatim
409 1656 501 1705 abolere
511 1654 629 1705 Siehaeum

60 1737 160 1802 Incipit,
170 1749 195 1786 et
204 1736 261 1785 vivo
270 1747 345 1786 tentat
353 1744 494 1803 prevertere
504 1752 583 1786 amore
598 1728 605 1735 ’
624 1759 632 1771 ·

59 1817 209 1883 iampridem
217 1816 304 1868 resides
314 1818 404 1868 animos
412 1818 555 1886 desuetaque
566 1817 644 1867 corda.

101 1899 231 1965 Postquam
239 1899 316 1966 prims
325 1899 393 1966 quies
400 1901 476 1968 epulis
483 1937 489 1959 ,
497 1890 633 1966 menseque
644 1911 752 1960 educte,

58 1983 167 2029 Crateras
178 1997 276 2047 magnos
286 1993 405 2039 statuunt,
416 1993 440 2031 et
448 1981 505 2031 vina
515 1977 636 2031 coronant.

59 2061 100 2110 Fit
109 2060 221 2125 strepitus
232 2060 307 2120 tectis,
318 2056 447 2126 vocemque
457 2050 499 2127 p‘er
509 2063 587 2128 ampla
597 2064 706 2111 volutant
804 2090 811 2105 -

60 2138 127 2188 Atria
137 2156 144 2187 t
155 2138 291 2205 dependent
299 2138 382 2208 lychni
391 2143 541 2207 laquearibus
552 2142 628 2190 aureis

60 2219 165 2276 lucensi,
176 2230 201 2267 et
210 2220 304 2267 nocem
312 2219 514 2269 flammissunalia
524 2222 630 2270 vincunt.

60 2300 106 2346 Hie
115 2299 206 2364 Regina
216 2315 312 2364 gravem
321 2302 420 2364 gemmis
431 2317 535 2364 auroque
545 2300 668 2365 poposcit2

58 2378 220 2442 implevitque
229 2394 294 2427 mero
304 2391 422 2444 pateram,
432 2396 505 2444 quam
515 2379 584 2428 Belus
594 2391 617 2427 et
627 2389 710 2426 omnes

57 2456 82 2505 A
91 2458 148 2506 Bolo
158 2457 229 2504 soliti.
239 2459 302 2505 Tum
312 2459 372 2506 facta
383 2459 474 2507 silentia
484 2459 549 2507 tectis
560 2477 566 2505 ε

57 2536 171 2602 Iuppiter
182 2535 331 2601 (hospitibus
341 2554 397 2586 nam
405 2539 493 2587 tedere
503 2536 725 2602 interloquuntur),

57 2618 130 2665 Hunc
139 2616 223 2664 letum
232 2616 357 2682 Tyriisque
367 2616 431 2665 diem
439 2615 557 2681 ‘l'rojtque
567 2616 678 2682 prosectis

58 2699 116 2744 Esse
124 2695 196 2762 velis,
206 2706 346 2760 nostrosque
354 2693 427 2760 hujus
436 2697 570 2745 meminisse
579 2697 691 2744 minores.

58 2773 127 2823 Adsit
136 2772 226 2823 laetitiae
235 2773 339 2824 Bacchus
350 2774 429 2835 dator,
440 2776 535 2825 et'bons
546 2781 558 2824 J
561 2792 609 2823 uno
619 2782 626 2822 ἰ

57 2858 89 2901 Et
99 2868 153 2913 vos,
164 2855 179 2901 d
189 2866 292 2914 emtum,
301 2855 379 2922 Tyrii,
389 2854 503 2904 celebrate
512 2856 624 2903 faventes.
703 2841 707 2849 ’

57 2931 139 2990 Dixit,
150 2932 210 2982 etin
219 2950 327 2984 mensam
335 2935 434 2985 laticum
441 2935 526 2984 libavit
535 2934 666 2996 honorem,

57 3028 84 3061 v.
102 3012 181 3083 736„
674 3025 690 3034 ‘
