1974 3772
349 203 478 280 AENCIS.
499 205 566 251 LlB.
587 207 633 251 xt.
812 205 861 266 371

123 300 237 367 Conjicit,
247 313 271 350 et
280 303 381 367 Superos
390 303 470 351 Aruns
480 302 513 350 sie
522 318 579 350 vooc
588 313 698 366 precatur
708 318 715 349 ε

124 385 220 432 Summe
231 385 320 439 Deum,
330 381 404 430 suncti
413 394 491 429 custos
501 381 601 430 Soractis
609 381 710 444 Apollo,

125 467 204 525 Quem
213 461 287 525 primi
294 461 405 518 colimus,
416 461 454 508 cui
463 461 548 525 pinus
558 461 628 508 ordor
637 470 722 509 acervo
753 515 761 525 ,

122 541 241 598 Pascitur,
252 552 275 596 et
284 540 390 588 medium
400 538 452 588 freti
461 541 547 604 pietate
557 556 600 604 per
610 539 692 604 ignem

123 620 231 669 Cultores
241 619 316 668 multi
324 619 454 684 premimus
464 619 560 684 vestigia
570 621 661 684 prund5

124 702 171 755 Da,
182 702 262 755 Pater,
272 696 318 746 hoc
326 698 411 746 nostris
421 698 508 746 aboleri
516 698 617 746 dedecus
627 697 711 755 ermis,
746 733 748 738 ,

122 777 285 842 Omnipotens.
297 781 349 824 Non
360 777 468 833 exuvias,
477 777 582 841 pulsaeve
592 791 708 842 tropoeum

122 856 238 920 Virginis,
250 868 291 904 eut
300 856 375 920 spolie
385 857 433 905 ulla
443 867 498 920 peto
510 874 516 916 ;
527 853 587 905 mibi
597 869 673 906 cetere
682 853 779 905 leudem
826 902 828 907 ,

123 938 193 983 Facta
204 932 279 983 ferent
290 952 295 982 ι
306 933 357 984 haec
366 936 416 984 dira
424 951 478 984 meo
488 935 547 985 dum
556 937 654 984 vulnere
664 936 736 1000 poetic

72 1008 75 1013 ¹
122 1014 193 1063 Pulsa
202 1014 278 1071 cadet,
288 1015 375 1079 patrius
384 1014 494 1063 remeabo
504 1015 618 1079 inglorius
627 1015 705 1064 urbes.

162 1092 257 1150 Audiit,
269 1105 291 1140 et
301 1093 351 1141 voti
361 1091 465 1143 Bhoebue
476 1094 597 1141 suecedere
608 1087 700 1158 portem

122 1175 201 1220 Mente
211 1171 288 1231 dedit3
299 1183 391 1235 purtem
400 1172 508 1218 volucres
515 1170 623 1236 dispersit
633 1171 658 1218 in
669 1187 744 1220 euru.

123 1253 240 1300 Sterneret
247 1261 275 1298 ut
284 1250 363 1298 subiti
371 1249 490 1298 turbatam
496 1262 574 1298 morte
583 1250 725 1310 Camillum,

122 1329 215 1376 Annuit
225 1328 317 1389 oranti:
327 1327 438 1378 reducem
447 1334 475 1377 ut
483 1329 560 1395 panio
570 1330 616 1378 altu
626 1329 726 1388 videret;

121 1411 176 1458 Non
186 1407 263 1468 dodit3
273 1408 346 1473 inque
355 1422 424 1456 notos
434 1425 517 1457 vocem
526 1411 615 1457 vertere
625 1409 740 1473 procellos

162 1491 237 1552 Fuge,
247 1499 275 1536 ut
284 1488 354 1535 miser
364 1504 437 1536 manu
447 1477 551 1537 sonitum
561 1488 625 1536 dedit
634 1485 701 1536 hoste
710 1494 755 1552 peu
764 1501 843 1548 emec„

121 1569 264 1615 Convertere
274 1568 364 1615 unimor
374 1584 449 1626 acres,
460 1568 587 1631 ocuiosque
597 1568 672 1616 tulere

122 1646 208 1694 Cuncti
218 1645 248 1693 ed
256 1646 359 1711 reginam
369 1647 455 1697 Volsci.
467 1645 530 1694 Nihil
541 1647 591 1712 ipen
601 1663 678 1710 neque
688 1661 752 1694 eurae

122 1728 169 1773 Nec
178 1725 268 1772 sonitus
277 1740 383 1784 memor,
391 1738 432 1773 eut
441 1727 556 1774 venientis
566 1727 598 1774 ub
606 1723 692 1774 aethetu
701 1723 755 1785 teli;

121 1808 194 1852 Hasta
204 1805 250 1850 sub
260 1816 373 1853 exsertum
381 1804 457 1852 donec
465 1805 679 1870 perlate-papillam
743 1829 747 1838 ·

122 1883 207 1941 Haesit,
218 1882 397 1948 virgineumque
407 1883 453 1934 dte
461 1884 523 1932 bibit
532 1896 582 1933 acte
594 1900 710 1933 cruorem.

122 1965 272 2010 Concurrunt
282 1962 379 2026 trepide
387 1963 496 2024 comites,
506 1964 674 2029 dominumque
682 1974 792 2011 ruentem

122 2040 258 2104 Suscipiunt
269 2059 274 2087 :
286 2040 347 2108 fugit
356 2054 410 2091 unte
419 2059 501 2092 omnes
510 2044 633 2092 exterritus
643 2042 736 2103 Aruns,

115 2120 213 2175 Letitii
221 2121 344 2186 mixtoque
352 2135 431 2182 metu;
442 2139 485 2171 nec
494 2121 543 2186 jam
552 2123 653 2187 emplius
662 2120 736 2170 hoste

122 2199 234 2256 Credere,
244 2217 287 2248 noc
297 2201 349 2250 ulis
359 2217 479 2249 oocurrere
488 2202 585 2266 virginis
595 2201 672 2249 nudet.

122 2278 156 2326 Ac
167 2278 232 2326 velut
242 2278 293 2336 iile,
304 2279 369 2342 priirs
379 2281 451 2342 quim
462 2280 507 2326 tela
515 2279 609 2326 inimice
618 2289 759 2342 sequuntur,

121 2357 241 2406 Continud
250 2357 274 2403 in
284 2369 376 2405 montes
386 2373 435 2405 sese
445 2358 512 2406 uvius
521 2357 612 2405 obdidit
621 2357 693 2416 altos,

121 2437 204 2484 Occiso
213 2448 319 2500 pastore,
329 2436 414 2501 lupus,
424 2453 540 2503 magnove
549 2434 663 2501 juvenco,

122 2516 235 2564 Conscius
245 2515 338 2564 audacis
347 2515 415 2576 sacti',
422 2517 568 2581 caudamque
578 2516 709 2565 remulcens
808 2561 813 2566 .

121 2592 226 2656 Subjecit
234 2595 380 2659 pavitantem
387 2607 467 2654 utem,
477 2597 593 2660 silvaeque
603 2595 687 2659 petivit
698 2611 704 2641 τ

121 2673 193 2721 Haud
202 2676 267 2721 secde
278 2690 306 2722 ex
315 2675 389 2722 oculis
399 2692 423 2723 se
433 2675 543 2724 turbidus
552 2673 649 2723 abstulit
658 2674 751 2734 Aruns,

122 2755 299 2818 Contentusque
309 2753 375 2818 fugi,
384 2755 468 2802 mediis
477 2771 501 2804 ee
511 2754 637 2803 immiscuit
645 2753 725 2801 ermisr

123 2831 165 2879 Ille
175 2847 248 2880 manu
257 2833 359 2882 moriens
368 2834 442 2883 telum
453 2832 537 2896 trahit5
548 2850 601 2884 osse
609 2833 651 2882 sed
659 2832 722 2881 inter

122 2928 148 2960 v.
166 2911 231 2962 816.
