1974 3772
280 144 291 150 ’
356 180 483 230 nuris.
505 182 577 228 nra„
594 185 622 231 x.
810 181 862 244 ets

94 267 97 276 Ι
122 282 236 332 lndutum
246 280 327 346 spoliis
336 280 416 344 ipsum
425 292 461 340 te,
471 284 559 338 Lause,
569 291 687 345 tropaeum

121 367 209 411 AEncae.
220 361 295 419 Dixit,
306 360 489 424 stridentemque
499 360 592 409 eminus
601 357 694 408 hertam

121 441 181 491 Jecit
192 458 198 487 :
209 452 233 488 at
243 440 283 488 illa
291 440 374 488 volans
382 440 467 504 clypeo
477 451 512 488 cst
521 455 629 498 murus,
638 438 769 503 proculque

121 519 249 586 qucgium
258 515 391 569 Antliorem
400 518 461 567 letus
471 518 531 567 inter
540 531 564 567 et
573 518 613 568 ilia
623 515 685 584 figit,

123 599 229 647 Herculis
240 595 372 647 Anthorem
381 598 503 655 comitem,
512 599 555 661 qui
564 597 651 647 missus
660 597 692 647 ab
701 599 770 665 Argia

123 681 227 726 Haeserat
236 677 360 735 Evandro,
370 688 441 742 aeque
451 677 509 725 ltelli
516 677 652 726 consederat
659 678 726 728 urhe.

122 757 239 806 Sternitur
248 755 330 804 infelix
339 756 415 805 alieno
425 757 535 814 vulnere,
545 755 678 820 coelumque

123 835 226 900 Aspicit,
236 847 260 884 et
269 835 349 884 dulces
356 836 459 884 moriens
468 836 624 887 reminiscitur
633 835 716 902 Argos.

120 916 186 985 Tum
195 914 249 980 pius
259 918 343 964 AEnces
353 913 445 969 hastam
454 913 525 978 jacit:
536 916 575 964 illn
585 931 629 980 per
637 905 720 964 orbem

121 997 177 1042 'AEre
187 1009 272 1042 cavum
281 994 379 1059 triplici,
389 1010 432 1059 per
441 995 503 1043 linea
510 1007 587 1059 terge,
597 995 721 1058 tribusque

121 1073 224 1121 Transiit
233 1072 351 1123 intextum
359 1075 432 1122 tauris
441 1090 515 1138 opus,
525 1074 620 1137 imaque
629 1073 690 1122 sedit

123 1152 236 1218 lnguine3
247 1151 288 1201 sed
295 1146 358 1200 ¹vires
366 1149 431 1200 heud
441 1152 544 1217 pertulit
555 1151 628 1200 Osiris
638 1167 717 1200 ensem

122 1234 219 1287 Encas,
230 1230 281 1280 viso
289 1228 408 1296 Tyrrheni
419 1231 545 1296 sanguine,
554 1231 635 1288 letus,

123 1310 199 1375 Eripit
210 1311 223 1357 i
234 1307 331 1368 semine,
342 1321 365 1359 et
374 1309 501 1376 trepidanti
509 1308 613 1358 fervidus
623 1309 699 1358 instat.

123 1388 241 1456 Ingemuit
249 1389 297 1437 cari
306 1390 408 1454 graviter
416 1389 526 1455 genitoris
536 1405 627 1447 amore,

122 1471 156 1516 Ut
166 1467 239 1526 vidit,
249 1467 353 1526 Lausus,
361 1468 518 1535 lacrymaeque
528 1483 571 1534 per
579 1484 623 1516 ora
630 1466 725 1519 solutae.

121 1547 168 1596 llic
177 1546 259 1594 moitis
268 1547 333 1595 durae
343 1562 436 1606 cesum,
447 1559 535 1612 tuaque
545 1547 635 1612 optime
645 1541 706 1594 fecta

123 1627 163 1690 (Si
172 1641 221 1691 qua
230 1620 302 1674 fidem
312 1636 377 1674 unio
387 1637 423 1674 ast
432 1626 498 1690 operi
507 1626 583 1675 laturo
593 1624 726 1687 vetustas),

122 1708 177 1754 Non
186 1705 308 1770 equidem,
318 1720 362 1754 nec
371 1716 407 1763 te,
417 1702 510 1767 juvenis
520 1703 683 1762 memorande,
691 1703 772 1752 silebo.

163 1783 205 1831 illc
214 1783 300 1849 pedem
309 1782 423 1842 reserens,
433 1795 457 1832 et
466 1784 568 1841 inutilis,
577 1783 654 1847 inque
660 1782 747 1847 ligatus

121 1861 236 1920 Cedebnt,
246 1862 378 1928 clypeoque
387 1861 511 1913 inimicum
519 1860 602 1912 hastile
611 1859 727 1911 trahebat.

124 1941 234 2007 Prorupit
243 1939 348 2004 juvenis,
356 1957 452 2006 seseque
462 1942 589 1998 immiscuit
599 1942 669 1990 aruris
679 1958 686 1988 :

124 2026 223 2086 Jamque
234 2021 374 2086 assurgentis
383 2021 464 2071 dextri
473 2020 614 2087 plagamque
623 2020 718 2068 ferentis

123 2103 203 2148 AEneae
213 2099 285 2148 subiit
294 2112 448 2159 mucronem,
458 2101 584 2165 ipsumque
593 2098 708 2148 lucrando

124 2178 241 2228 Sustinuit
250 2196 256 2225 ι
267 2179 324 2228 socii
332 2195 419 2244 magno
428 2179 530 2235 clamore
539 2191 684 2242 sequuntur,

125 2259 189 2304 Dum
198 2257 289 2321 genitor
299 2258 348 2305 neti
357 2259 439 2320 parmi
448 2268 567 2321 protectus
577 2257 664 2314 abirem

123 2336 227 2399 Telaque
237 2332 378 2399 conjiciunt,
388 2335 576 2400 piouubentque
586 2334 678 2382 eminus
682 2330 781 2400 liostem

124 2414 253 2464 Missilibus
264 2431 269 2461 :
280 2410 338 2463 furit
347 2417 444 2474 AEnees,
453 2425 574 2478 tectusque
584 2424 649 2462 tenet
658 2428 689 2463 se.
752 2466 755 2470 ,

124 2493 160 2542 Ac
170 2493 247 2551 velut,
259 2493 358 2542 efficaci
367 2493 464 2558 quandb
473 2492 586 2558 grandine
595 2492 672 2541 nimbi

125 2572 285 2636 Praecipitant,
295 2573 372 2621 omnis
381 2574 469 2637 campis
478 2573 572 2639 diffugit
584 2583 674 2630 arctor,

125 2653 208 2705 Omnis
218 2664 241 2698 et
252 2652 362 2717 agricola,
370 2665 394 2700 et
403 2656 454 2702 tuti
462 2653 519 2702 latet
529 2667 580 2700 erce
590 2652 666 2700 vietor
671 2685 679 2711 ,

126 2730 176 2778 Aut
185 2730 260 2778 amnis
269 2732 339 2797 ripis,
348 2744 390 2781 eut
399 2733 440 2780 ulti
450 2731 538 2782 fornice
547 2731 609 2789 uxi,

127 2811 190 2857 Dum
199 2811 261 2874 pluit
271 2811 295 2860 in
305 2812 386 2882 terris,
394 2823 423 2862 ut
430 2812 534 2878 possint,
545 2809 593 2860 sole
602 2808 712 2867 reductu,

127 2905 153 2941 v.
171 2888 232 2961 807.
