1974 3772
358 267 484 316 aunis.
506 269 572 315 nro.
594 271 645 315 111.
807 249 872 320 'stt

128 370 269 426 Arcturum,
278 366 420 432 pluviasque
430 368 536 432 Hyadas,
546 358 699 432 geminosque
707 368 819 429 Triones,
854 343 867 359 Ι

128 452 303 510 limatumque
312 462 370 494 auru
380 446 537 511 circumspicit
548 447 644 495 Oriona.
665 458 668 463 ·

128 529 259 593 Postqultm
268 539 353 575 cuncta
362 525 427 576 ridet
436 527 495 574 coelo
505 538 611 574 constare
620 542 716 584 sereno,

128 592 275 658 Dardanum
284 609 298 653 e
307 607 384 670 puppi
394 606 488 671 signum
499 623 505 652 ι
516 621 559 653 nos
568 617 641 652 castra
651 621 788 665 movemus,

127 693 306 750 Tentamnsque
316 685 389 744 vium,
400 697 422 732 et
432 683 541 732 velorum
549 684 676 749 pandimus
685 684 741 734 ales.

127 772 230 830 Jamque
239 763 377 812 mitescebat
385 763 457 812 stellis
467 763 559 811 Aurora
569 762 667 828 fingatis,

127 847 192 896 cum
201 844 284 909 procul
293 843 405 892 obscurus
415 842 495 901 colles,
504 840 668 907 humilemque
677 842 785 892 videmus

128 924 229 973 ltaliam
240 923 332 971 ltaliam
342 922 433 987 primus
442 922 573 970 conclamat
582 920 684 975 Achates
694 940 701 970 t

129 1003 223 1052 ltaliam
231 1002 286 1050 laeto
295 1001 352 1050 socii
362 1002 463 1049 clamore
472 1001 583 1050 salutant.

128 1084 193 1130 Tium
202 1093 269 1146 pater
278 1078 392 1129 Anchises
400 1096 514 1146 magnum
523 1092 610 1128 cratera
621 1079 706 1129 corond

130 1160 222 1219 Induit,
232 1160 385 1225 implevitque
394 1175 473 1215 mern;
485 1159 605 1223 Divosque
614 1158 722 1217 vocavit,

129 1241 200 1289 Stans
209 1226 270 1288 cclsh
280 1240 304 1288 in
314 1239 392 1304 puppi
403 1256 412 1286 :·

131 1320 173 1378 Dr,
183 1318 254 1367 maris
264 1330 287 1367 ot
297 1330 362 1367 terrae
370 1329 583 1382 tempestatumque
593 1328 712 1383 potantes,

129 1402 200 1448 Ferte
210 1398 274 1446 viam
281 1409 353 1446 vento
362 1397 464 1455 facilem,
475 1409 498 1445 et
508 1398 594 1462 spirate
604 1397 708 1446 secundi.
738 1452 741 1457 ,

127 1477 286 1529 Crebrescunt
295 1488 381 1540 optatae
392 1491 465 1535 aurae,
475 1488 605 1540 portusque
614 1477 712 1540 patescit

128 1562 184 1606 lam
193 1555 300 1621 propior,
310 1555 473 1620 templumque
484 1562 581 1619 apparet
591 1556 614 1601 in
625 1571 676 1603 arce
685 1556 804 1604 minerve.

126 1637 189 1688 Vela
198 1636 281 1700 legunt
290 1634 358 1692 socii,
369 1646 392 1682 et
401 1650 483 1699 proras
493 1633 523 1682 ad
532 1634 610 1682 littora
620 1645 739 1698 torquent.

127 1719 215 1762 Portus
225 1713 256 1761 ab
266 1719 316 1762 Eoo
326 1713 401 1762 fluctu
411 1725 522 1781 curyutur
532 1713 557 1760 in
567 1730 648 1760 arcum
659 1731 665 1775 ;

126 1791 235 1856 Obiecta
246 1793 305 1847 salah
315 1805 427 1858 spumant
437 1786 556 1858 aspergine
564 1803 651 1840 cautes.

128 1878 184 1938 lpse
193 1872 250 1920 latet
260 1888 266 1918 ε
277 1872 370 1936 gemino
379 1872 507 1921 demittunt
516 1870 612 1920 brachiu
623 1887 691 1920 muro

126 1951 219 2001 rrurrici
230 1951 333 2015 scopuli,
341 1952 474 2018 refugitque
485 1953 499 1998 h
508 1953 586 2000 littore
597 1946 720 2016 templum.

171 2034 289 2092 Quattuor
299 2028 458 2095 hic,primum
469 2048 549 2090 omen,
559 2048 632 2096 equos
642 2030 667 2078 iu
678 2028 781 2097 gramine
792 2031 841 2080 vidi

126 2109 264 2159 Tondentcs
274 2125 385 2174 campum
394 2111 451 2168 late,
460 2111 559 2159 caudore
570 2110 649 2158 nivali.

117 2194 160 2238 ·-Et
170 2200 237 2252 pater
247 2186 360 2236 Anchises
372 2207 378 2236 r
388 2190 489 2246 Bellum,
501 2191 515 2237 ὁ
525 2201 585 2238 terra
595 2187 699 2253 hospita,
709 2200 789 2253 portas
801 2208 807 2237 z

126 2268 194 2317 Bello
204 2278 326 2315 armantur
335 2268 391 2332 equi
401 2286 406 2314 :
417 2268 508 2316 bellum
517 2267 567 2316 haec
577 2279 681 2316 armenta
691 2268 819 2316 minantur.
919 2280 928 2287 ·

126 2346 176 2396 Sed
185 2359 264 2394 tamen
274 2346 338 2395 idem
348 2347 406 2395 olim
414 2365 485 2395 curru
495 2347 616 2396 succedere
626 2346 686 2394 sueti
699 2371 702 2377 ·

128 2425 314 2490 Quadrupedes,
323 2437 346 2474 et
356 2424 421 2474 frena
430 2425 485 2491 jugo
496 2426 618 2474 concordia
630 2425 688 2474 ferre
700 2444 705 2472 :

125 2507 188 2570 Spes
197 2517 232 2553 est
241 2505 314 2569 pacis,
325 2505 364 2552 ait.
371 2507 436 2554 Timr
446 2508 545 2554 numina
554 2518 633 2556 sanctu
642 2522 766 2570 precamur

124 2583 230 2633 Palladis
240 2584 372 2643 armisonae,
382 2602 436 2649 quat
446 2586 522 2650 prima
532 2586 620 2651 accepit
630 2597 740 2643 orantes,

124 2668 157 2712 Et
168 2663 247 2726 capita
257 2675 311 2710 aute
321 2680 371 2711 aras
381 2662 484 2731 Phrygio
494 2666 601 2713 velamur
608 2665 709 2723 amictu3

122 2743 300 2806 Praeceptisque
310 2739 405 2802 Heleni,
416 2743 510 2792 dederet
520 2760 573 2808 quae
583 2744 694 2802 maxima,
705 2742 749 2790 rite

120 2821 218 2882 lunoni
228 2820 322 2886 Argivae
332 2820 407 2886 jussos
417 2822 538 2870 adolemus
547 2821 656 2870 honores.

120 2899 199 2951 Haud
207 2917 286 2962 mora,
296 2902 409 2951 continuis
417 2902 525 2969 perfectis
536 2901 617 2954 ordine
627 2900 701 2959 votis,

120 3001 148 3033 r.
165 2978 233 3044 548.
261 3054 269 3071 ,

143 3262 167 3287 Ι
