1974 3772
353 211 475 260 muers
502 213 570 260 tta
591 215 638 265 rv.
812 213 867 276 2125

125 313 191 362 Diam
200 309 319 376 trepidant
329 309 381 369 ele,
390 313 509 374 saltusque
519 311 628 376 indagine
637 312 748 377 cingunt,

124 394 232 457 Desuper
242 388 377 447 infundam,
388 402 412 438 et
420 389 511 439 tonitru
519 391 607 438 coelum
616 407 686 439 omne
695 393 771 445 ciebo.

124 469 255 535 Diffugient
264 469 370 528 comites,
379 480 403 518 et
413 481 480 518 nocte
491 480 599 536 tegentur
608 471 688 534 opaca.

123 550 267 616 Speluncam
277 548 338 597 Dido
347 548 396 597 dux
405 561 429 595 et
437 546 553 612 Troianus
563 550 669 599 eamdem

123 628 257 677 Devenim
268 645 274 674 ε
284 627 368 688 adero;
379 638 412 685 et,
422 637 463 676 tua
473 628 493 675 si
502 625 563 676 mihi
571 640 633 677 certa
643 631 766 689 voluntas,

122 706 252 758 connubio
262 703 360 772 jungam
369 706 458 765 stabili,
468 708 636 773 propriamque
646 709 736 758 dicabo

123 788 170 837 liic
180 791 323 852 llymcneus
334 786 384 834 erit
394 790 447 834 Non
458 788 579 836 advocate
588 780 678 853 petenti

122 865 228 923 Annuit,
238 877 308 930 atque
318 864 379 914 dolis
388 864 439 913 risit
447 862 564 932 Cytherea
572 867 677 933 repertis.

162 947 285 993 Oceanum
295 945 383 993 interea
392 960 490 1010 surgens
499 945 592 994 Aurora
601 946 703 1012 reliquit

122 1027 145 1073 lt
154 1024 230 1090 portis
239 1021 322 1087 jubare
331 1035 412 1073 exorto
421 1023 510 1072 delecta
519 1023 631 1089 juventus
640 1043 647 1074 s
700 1062 704 1073 r

122 1104 191 1152 lletie
201 1119 263 1160 rere,
272 1101 359 1171 plag-e,
367 1102 415 1151 lato
426 1103 543 1151 venabula
553 1103 627 1162 ferro,

122 1181 267 1248 Massylique
277 1195 352 1231 ruunt
359 1181 461 1246 equites,
471 1194 495 1230 et
504 1183 576 1231 odora
586 1198 674 1232 mnam
682 1183 724 1231 vis.

122 1262 238 1327 Reginam
247 1259 352 1311 thalamo
362 1273 512 1321 cunctantem
521 1262 551 1310 ad
558 1262 640 1310 limina
649 1262 720 1327 primi
799 1319 817 1333 Ι

121 1344 252 1390 Poenorum
260 1344 400 1407 aspectant
401 1359 408 1402 ς
416 1353 527 1407 ostroque
537 1342 635 1408 insignis
644 1354 669 1390 et
678 1358 736 1391 suro

121 1421 174 1469 Stat
182 1420 287 1485 sonipes,
294 1436 322 1470 ec
330 1419 396 1471 frene
406 1419 471 1469 feros
480 1422 615 1486 spumantia
624 1421 723 1471 mandit

121 1498 229 1547 Tandem
237 1499 396 1566 progreditur,
407 1503 492 1566 magna
502 1501 603 1565 stipante
612 1503 719 1560 causat,

121 1577 244 1627 Sidoniam
252 1579 317 1644 picto
327 1576 478 1645 chlamydem
486 1579 628 1628 circumdata
638 1580 713 1628 limbo
724 1597 731 1626 z

120 1657 168 1707 Cui
178 1653 288 1722 pharetra
298 1672 326 1706 ex
336 1673 404 1715 suro,
414 1658 490 1707 crines
499 1659 618 1707 nodanmr
627 1658 653 1706 in
663 1674 758 1718 aarum,

122 1736 201 1784 Aurea
209 1751 355 1801 purpuream
364 1736 484 1787 subnectit
493 1734 568 1788 fibula
578 1749 675 1786 vestem

122 1818 169 1864 Nec
179 1830 228 1862 non
238 1825 262 1864 et
270 1812 367 1883 Phrygii
376 1817 483 1876 comites,
494 1827 518 1865 et
526 1816 594 1867 letus
604 1816 670 1869 liilus
676 1850 684 1876 ,
755 1828 757 1833 ·

121 1893 238 1943 Incedunt
249 1911 255 1940 t
265 1895 315 1963 ipse
324 1906 379 1944 aute
389 1895 446 1964 elios
456 1894 629 1961 pulcherrimus
639 1910 722 1949 omnes

121 1972 195 2022 lnsert
205 1988 230 2021 se
240 1975 329 2022 socium
339 1978 436 2036 AEneas,
445 1986 516 2042 utque
526 1977 619 2042 agmina
628 1973 713 2042 jungit.

122 2052 219 2118 Qualis,
230 2052 272 2101 ubi
279 2051 404 2102 hibernam
414 2054 511 2120 Lyciam
522 2053 658 2118 Xanthique
669 2052 757 2103 fluente

123 2132 224 2190 Deserit,
234 2148 261 2180 ac
271 2133 357 2182 Delum
364 2145 496 2183 maternam
505 2133 586 2184 inrisit
594 2134 695 2200 Apollo,

123 2215 287 2277 {memetque
296 2210 390 2272 choros,
400 2213 515 2278 mixtique
525 2214 606 2262 alteris
616 2213 705 2261 circum

121 2291 249 2355 Getesque
259 2292 406 2358 Driopesque
415 2290 529 2351 fremunt,
538 2293 642 2357 pictique
647 2288 781 2359 Agathyrsi.

122 2373 175 2434 lpse
185 2367 248 2435 jugis
255 2368 346 2436 cynthi
356 2371 472 2438 graditur,
481 2372 595 2436 mollique
605 2369 717 2420 fluentem

121 2447 217 2497 Fronde
226 2450 313 2514 premit
322 2451 412 2500 crinem
421 2448 523 2517 fingens,
533 2463 604 2516 atque
614 2451 719 2517 implicat
727 2465 785 2499 suro
796 2466 802 2497 ε

121 2527 178 2575 Tela
188 2539 274 2576 sonant
284 2526 395 2579 humeris.
408 2531 477 2579 Haud
487 2531 529 2580 illo
538 2530 631 2598 segnior
640 2530 691 2579 ibet

120 2605 219 2655 Encas:
231 2599 324 2656 tentum
334 2610 425 2675 egregio
436 2610 506 2659 decus
515 2611 588 2659 enitet
598 2625 644 2659 ore.

161 2687 291 2751 Postqolm
300 2688 359 2738 altos
368 2703 467 2738 renuam
478 2691 502 2737 in
511 2701 603 2738 montes
613 2699 684 2755 atque
695 2687 758 2737 invia
771 2685 859 2747 lustru,

122 2767 182 2814 Eece
192 2763 260 2826 sem,
270 2767 318 2816 saxi
329 2766 424 2832 dejectu
435 2769 532 2827 vertice,
542 2784 620 2834 caprea

123 2845 251 2894 Decurrne
260 2843 322 2916 jugis
333 2865 339 2896 :
350 2848 396 2898 alib
405 2847 434 2897 de
443 2859 511 2914 parte
518 2859 624 2915 patentes

122 2939 149 2975 v.
169 2921 203 2976 ιδ’
205 2927 231 2975 3.
