1974 3772
160 259 211 314 350
366 258 496 307 sustu
516 255 688 308 vtltolutt

160 363 256 411 noum
265 357 305 407 alii
314 357 451 424 galeamque
461 344 554 414 seruum
563 369 620 403 uam
628 364 704 401 cetera
713 356 815 403 'Iumus

159 442 241 493 Victor
251 436 328 487 habet
339 438 402 486 Tum
408 446 492 485 moests
502 431 608 482 Phalanx
616 432 749 497 Teucrique
759 446 901 499 sequuntur.

158 517 323 585 ‘Pyrrhenique
333 517 417 574 duom,
427 526 451 562 et
460 515 533 562 versis
542 511 644 561 Arcades
652 513 732 560 armis.

160 598 287 662 Postqabm
296 596 372 644 omnis
381 594 452 660 longe
461 592 576 642 eomimm
584 603 728 657 processerat
736 591 811 654 ordo,

160 676 270 728 Substitit
278 679 373 733 Encas,
383 674 520 740 gemituque
529 670 580 720 hoec
588 671 678 720 addidit
688 671 737 720 alto
747 689 755 719 ε

160 759 208 805 Nos
218 755 274 803 alias
283 751 340 802 hinc
348 753 378 802 ad
386 753 501 820 lacrymas
511 751 593 800 sudem
601 748 696 798 horrido
705 749 765 798 beili

160 837 217 883 Fata
228 843 319 882 vootnt
331 833 399 881 Salve
408 833 524 880 ueternum
531 829 605 888 mihi,
614 830 717 899 maxime
725 829 806 890 Pulla,

160 914 331 977 AEterubmque
341 911 401 960 vale
411 914 459 960 Nec
467 911 536 975 pluro
547 909 643 967 effatam,
652 908 684 956 od
694 909 755 957 altos

159 991 281 1041 randebu
290 1006 385 1050 muros,
394 1005 548 1056 grmsumque
557 989 583 1036 in
590 1000 665 1037 castra
672 986 770 1037 ferebat

160 1075 262 1135 Jamque
271 1082 374 1119 oratores
383 1068 480 1119 aderant
488 1084 518 1116 ex
526 1068 586 1117 urbe
596 1067 692 1126 lautius,

161 1149 239 1202 Veluti
248 1149 319 1198 ramis
329 1150 386 1198 olem
395 1148 536 1213 veniamque
545 1159 665 1212 rogantes:

161 1231 279 1294 Corpora,
287 1245 330 1294 per
339 1244 434 1294 campos
443 1227 504 1276 ferro
513 1242 568 1292 quae
577 1227 629 1274 susa
638 1223 762 1289 jacebant,

163 1309 292 1368 Redderes,
300 1324 327 1356 ao
335 1309 430 1357 tumulo
438 1308 524 1355 sineret
532 1305 654 1355 suooedere
663 1316 747 1365 terrae3

163 1388 261 1436 ttullum
271 1403 326 1435 cum
335 1387 402 1434 vietis
411 1399 528 1434 oertamen
538 1397 562 1433 et
570 1383 655 1432 aethere
665 1384 751 1445 cassis3

163 1470 270 1515 Parceret
278 1463 414 1530 hospitibus
422 1464 545 1530 quondam
552 1463 684 1528 socerisque
694 1464 791 1512 voeatis.

203 1544 358 1608 Quosbonus
367 1549 465 1603 AEneas,
474 1541 539 1592 haud
549 1542 842 1608 aspemsndapreoantes,

164 1623 316 1689 Prosequitur
325 1624 406 1681 versib,
417 1635 441 1672 et
449 1613 528 1671 verbis
537 1619 588 1670 huso
596 1622 695 1686 insuper
704 1622 772 1672 addit
782 1639 789 1669 r

165 1707 281 1766 Quaenam
291 1720 333 1752 vos
343 1715 408 1752 tanto
419 1703 513 1752 fortuna
520 1701 628 1768 indigna,
639 1701 731 1760 Latini,

164 1783 283 1847 implicuit
292 1783 368 1842 bello,
378 1783 473 1847 quinos
482 1780 576 1847 argiaris
584 1777 691 1845 pmioos?

163 1866 247 1910 Pacem
256 1878 294 1910 me
303 1849 416 1910 exanimis
425 1872 449 1910 et
457 1861 538 1910 Martis
547 1872 608 1925 sorte
618 1859 748 1926 peremptis

163 1939 258 1988 Oratis?
269 1940 378 2004 equidem
388 1952 412 1989 et
421 1940 482 1989 vivis
492 1939 616 1989 oonoederu
627 1939 720 1988 vellem,

165 2021 211 2066 Nec
221 2019 288 2077 veni,
298 2019 343 2066 nisi
353 2015 399 2065 fatu
409 2020 488 2067 locum
497 2019 623 2083 sedemque
632 2018 766 2078 dedissent3

164 2100 211 2145 Nec
221 2097 311 2145 bellum
321 2113 376 2145 cum
386 2111 453 2162 gente
463 2114 525 2162 gero.
537 2101 588 2146 Rex
596 2109 676 2149 nostra
686 2097 784 2163 reliquit
811 2140 815 2144 .

164 2176 284 2240 Hospitis,
295 2188 318 2223 et
327 2178 402 2224 Turni
411 2177 491 2241 potibs
501 2194 524 2225 se
535 2177 633 2225 credidit
643 2177 720 2225 armis.

164 2255 264 2319 AEquiirs
272 2252 328 2304 huie
337 2259 446 2304 Tumum
456 2254 532 2306 fuerat
542 2273 565 2304 se
573 2272 694 2320 opponere
703 2255 783 2305 morti.

165 2336 189 2383 Si
196 2334 286 2382 bellum
297 2331 364 2384 finire
373 2352 459 2393 manu,
469 2338 488 2384 si
498 2336 583 2400 pellere
593 2339 697 2383 Teucros

165 2417 270 2479 Apparet
277 2450 283 2472 ,
291 2411 328 2460 his
339 2430 432 2464 mecum
441 2415 519 2462 decuit
529 2430 666 2463 concurrere
676 2415 729 2462 telis
740 2432 746 2460 ε

165 2493 248 2549 Vixet,
258 2493 296 2540 cui
306 2493 380 2540 vitam
390 2496 453 2542 Deus
463 2505 505 2542 sut
513 2510 556 2542 sua
565 2494 646 2542 dextra
656 2493 765 2541 dedisset.

165 2575 233 2620 Nunc
244 2571 288 2628 ite,
298 2584 321 2619 et
331 2572 420 2620 miseris
429 2575 556 2637 supponite
565 2571 657 2621 civibus
667 2572 754 2636 ignem.

206 2650 299 2697 Dixerat
309 2654 393 2698 AEneas
404 2669 409 2698 :
421 2653 462 2700 olli
469 2652 611 2716 obstupuere
621 2651 729 2709 silentes,

149 2786 151 2791 Ι
165 2729 324 2794 conversique
335 2729 414 2778 oeulos
425 2732 485 2779 inter
492 2747 516 2779 se
527 2743 597 2795 atque
607 2746 647 2778 ora
657 2730 779 2779 tenebant.

164 2810 228 2865 'l'iuu
238 2809 327 2866 senior,
337 2824 475 2874 semperque
485 2810 544 2859 odiis
554 2821 578 2860 et
587 2809 683 2858 erimine
694 2812 800 2857 Drances

167 2886 266 2934 Infestus
276 2885 358 2951 juveni
368 2891 504 2946 Turno‚sie
514 2906 554 2939 ore
563 2889 666 2939 vicissim
812 2895 816 2899 ’

167 2969 270 3017 r.123.
609 2962 619 2970 ’

27 3390 33 3399 ι
120 3394 132 3415 1
160 3382 164 3387 “

19 3392 237 3557 'Q
