1974 3772
169 297 222 353 ,σο
375 288 506 346 annun
525 298 703 383 vaniuu

167 398 285 465 Abnegat,
296 410 451 462 externusque
461 398 486 446 in
496 412 596 463 regum
606 400 719 462 quentin
728 393 808 446 lisera.

167 483 265 537 Inunc,
275 477 371 544 ingratis
380 476 438 525 affer
447 489 483 535 te,
494 477 571 535 iri-ise,
581 477 673 542 peiiclis
685 495 691 523 :

166 555 313 624 Tyrrhenae,
323 547 344 614 i}
355 568 431 605 sterne
441 557 514 616 acies3
525 567 576 622 tege
586 572 643 621 pace
652 556 755 604 Latinos.

166 641 222 686 Hac
232 636 290 684 adei>
299 635 342 683 tibi
352 651 403 695 me,
413 635 505 699 placida
514 638 569 684 cum
579 647 647 684 nocte
657 633 755 698 jaceres,

166 720 219 782 tpsa
229 715 309 780 palam
318 711 361 762 fari
371 715 520 778 omnipotens
529 713 637 763 Saturnia
648 712 736 777 jussit·

148 784 152 788 ’
167 797 247 860 Quare
258 809 312 859 age,
321 804 344 842 et
354 793 439 841 armani
448 792 550 858 pubem,
560 794 682 857 portisque
691 795 781 841 moveri

167 876 245 922 laetias
255 873 279 921 in
290 889 355 922 arma
363 888 433 937 pam
444 883 467 920 et
476 868 605 938 Phrygios,
614 872 658 935 qui
668 870 767 920 flumine
775 871 877 938 pulchro

166 953 310 1012 Consedere,
320 951 391 1001 duces
397 987 404 1010 ,
411 952 532 1016 pictasque
542 967 613 999 exure
622 951 720 1001 carinas.

166 1032 295 1082 Goelcstdm
304 1031 340 1080 via
349 1047 434 1097 magna
444 1028 517 1093 jubet.
529 1033 578 1078 Rex
586 1031 637 1095 ipse
648 1032 758 1089 muniis,

82 1114 86 1122 '
167 1112 197 1160 tu
206 1111 261 1160 dare
271 1109 421 1176 coniugium,
430 1121 454 1158 et
462 1109 524 1158 dicto
533 1125 615 1175 parere
625 1111 724 1169 latetur,

166 1191 268 1246 Sentiat,
279 1198 303 1239 et
312 1189 408 1238 tandem
416 1192 526 1238 'lurnum
535 1189 668 1254 experiatur
676 1189 701 1236 in
711 1189 787 1237 armis.

171 1274 175 1281 '
197 1272 251 1333 ‘Hic
260 1268 353 1333 juvenis
363 1281 442 1317 vatem
449 1268 560 1326 irridens,
571 1268 603 1316 sic
612 1284 664 1316 orsa
672 1266 773 1315 vicissim
828 1261 831 1265 ’

165 1351 213 1398 Ore
224 1345 309 1397 refert:
319 1348 410 1396 Classes
418 1347 521 1395 invectas
530 1345 633 1395 Tibridis
644 1346 724 1407 alveo,

166 1430 233 1486 non,
243 1438 271 1475 ut
280 1441 340 1484 rere,
350 1441 414 1474 meas
424 1425 505 1491 effugit
515 1425 617 1475 nuncius
627 1441 709 1475 aurat
788 1444 790 1448 ⁴

166 1509 201 1555 tte
208 1517 285 1554 tantos
295 1502 354 1553 mihi
365 1501 427 1571 finge
435 1519 526 1566 metus3
538 1521 581 1554 nec
589 1505 652 1570 regia
661 1508 724 1554 June

166 1589 292 1634 Immemor
302 1597 337 1645 est
347 1585 427 1634 nostri.

166 1665 211 1714 Sed
221 1677 244 1712 te
254 1665 315 1713 victa
324 1664 371 1712 situ
380 1664 478 1728 vatique
487 1664 683 1723 effetasenectus,

166 1748 187 1793 O
197 1758 284 1803 mater,
294 1744 355 1792 curis
365 1743 527 1809 nequicquam
535 1755 637 1801 exercet,
647 1755 671 1792 et
681 1758 744 1791 mma

166 1826 258 1889 Regum
268 1824 330 1872 inter
339 1820 396 1871 falsa
405 1835 484 1872 vatem
493 1822 617 1872 formidine
626 1822 694 1871 ludit.

164 1906 228 1952 Cura
239 1902 295 1962 tibi,
306 1903 395 1950 Divilm
402 1899 488 1967 effigies
497 1914 521 1950 et
531 1903 618 1966 templa
628 1901 689 1950 tueri
700 1919 706 1948 ε

165 1982 227 2031 Bella
238 1983 282 2029 viri
292 1997 420 2046 pacemque
430 1993 523 2045 gerant,
533 1982 600 2045 queis
609 1981 671 2028 bella
681 1979 786 2047 gerenda.

138 2118 141 2124 Ι
203 2060 301 2108 Talibus
312 2060 393 2108 Alecto
403 2059 471 2107 dictis
481 2059 565 2107 exarsit
576 2061 600 2107 in
609 2060 660 2108 ires.

165 2141 197 2188 Aa
207 2138 288 2202 juveni
298 2133 374 2187 oranti
384 2137 477 2186 subitus
486 2149 574 2187 tremor
583 2151 682 2203 occupat
691 2151 770 2199 artus;
861 2148 864 2153 “

165 2219 286 2284 Diriguere
296 2219 358 2268 oculi
368 2236 374 2265 t
386 2229 421 2266 tot
432 2218 534 2285 Erinnys
543 2216 622 2266 sibilat
630 2216 725 2285 hydris,

164 2301 286 2361 Tantaque
296 2315 320 2346 se
330 2295 398 2346 facies
408 2297 490 2362 aperit.
500 2299 563 2345 'siun
573 2296 680 2345 flammea
689 2309 801 2360 torquens

158 2375 278 2435 Lumina,
289 2387 438 2425 cunctantem
447 2389 471 2425 et
480 2389 624 2442 quaerentem
633 2375 709 2424 dicere
718 2375 800 2440 plura,
872 2432 876 2439 .

164 2455 291 2525 Reppulit,
302 2467 325 2504 et
334 2457 439 2521 geminas
449 2457 521 2505 erexit
530 2456 634 2504 crinibus
644 2471 743 2520 angues,

163 2535 314 2598 Verberaque
325 2535 442 2593 insonuit,
451 2534 581 2600 rabidoque
588 2532 639 2583 baec
649 2534 738 2582 addidit
748 2549 787 2581 ore
798 2550 804 2579 :

164 2617 200 2662 En
211 2631 253 2680 ego
265 2615 324 2662 victa
332 2614 392 2669 situ,
402 2631 474 2678 quam
486 2615 534 2662 veri
544 2614 611 2663 effeta
620 2624 726 2662 senectus

163 2691 235 2742 Arma
246 2694 307 2742 inter
315 2710 398 2758 regum
408 2695 466 2742 falsi
475 2693 600 2742 tormidine
609 2693 678 2741 ludit

164 2774 261 2838 Respice
271 2773 300 2821 ad
311 2771 360 2821 haec
371 2791 377 2819 z
388 2773 471 2820 adsum
481 2773 586 2822 dirarum
595 2773 625 2821 ab
635 2773 689 2822 sede
700 2782 824 2827 soronam

164 2851 225 2899 Bella
235 2868 309 2901 manu
317 2854 439 2916 letumque
447 2868 508 2918 gero.
585 2873 589 2879 ·
654 2844 656 2847 ⁵

160 2930 200 2979 sic
210 2930 276 2980 effata
287 2930 362 2982 facem
370 2929 451 2993 iuveni
461 2929 570 2996 conjecit,
579 2943 604 2980 et
613 2941 666 2980 atro

104 3003 113 3013 ⁸
165 3028 189 3062 v.
208 3007 272 3074 456.
