1974 3772
352 247 635 300 AENEffi.Lw.VL
810 262 862 316 sm

121 345 307 409 Tendebeutque
317 362 413 403 manus,
423 346 480 410 ripae
490 348 606 395 ulterioris
616 362 701 395 umore.

122 427 208 476 Navita
217 425 258 474 sed
268 423 338 474 tristis
348 442 412 473 nunc
421 423 478 486 hos,
488 442 551 474 nunc
561 426 645 492 accipit
654 426 720 487 illosj

121 506 167 556 'Ast
177 505 234 553 alios
243 496 313 570 longe
323 517 453 553 summotos
462 517 524 553 arcet
534 509 609 554 areni.
741 567 748 577 Χ

161 588 247 632 AEneas
258 583 368 647 (miratus
379 583 454 642 enim,
464 595 589 648 motusque
597 585 731 649 tumultu),

122 664 179 721 Dic',
190 663 234 721 eit‘,
245 663 259 709 ὃ
270 663 347 728 virgo,
358 663 417 726 quid
427 664 479 712 vult
488 679 614 712 concursus
624 663 653 711 ed
663 661 776 721 amnem?

123 742 219 807 Quidve
228 752 313 806 petunt
323 738 421 789 mimae?
431 742 469 789 vel
479 758 527 805 quo
537 741 670 790 discrimine
679 742 745 806 ripas

123 825 165 868 liae
175 820 302 884 linquunt,
310 820 356 867 illae
366 820 435 867 remis
444 820 504 868 vada
513 820 586 868 livida
596 820 711 878 verrunt?

122 899 171 947 Olli
181 899 214 947 sie
223 898 326 947 breviter
335 894 382 947 fnt'a
392 911 426 947 est
435 898 540 965 longaeva
551 899 657 948 sacerdos
667 917 673 949 :

123 974 227 1026 Anchisd
236 989 356 1043 generate,
365 978 443 1025 Deum
452 977 578 1026 certissima
588 978 679 1042 proles,

122 1056 206 1122 Cocyti
216 1067 297 1121 stagna
308 1045 356 1104 alte
363 1056 441 1115 vides,
451 1053 603 1123 Stygiamque
612 1056 738 1122 paludem,

123 1136 154 1183 ul
164 1132 232 1199 eujus
242 1132 318 1197 jurare
328 1135 413 1183 timent
423 1147 447 1183 et
456 1132 537 1182 fallere
545 1151 641 1184 numen.

123 1217 178 1262 Haec
188 1213 278 1272 o'r'unis,
287 1229 360 1279 quam
368 1214 454 1274 cernis,
465 1213 533 1279 inops
541 1212 711 1278 inhumataque
721 1209 790 1261 turba
801 1226 848 1262 est:

123 1293 225 1342 Portitor
235 1293 286 1350 ille,
295 1290 391 1343 Charon
402 1311 409 1340 ι
418 1290 456 1350 hi,
466 1309 526 1356 quos
536 1291 602 1341 vehit
610 1292 688 1351 uude,
697 1293 790 1358 sepulti.
814 1312 817 1319 ¹

123 1375 170 1441 Nec
181 1372 243 1436 ripas
252 1371 321 1420 datur
331 1370 471 1430 horrendas,
479 1384 502 1420 et
511 1388 581 1420 rauca
591 1370 679 1420 fluenta

123 1454 290 1516 Transportsre
299 1451 380 1515 prius,
388 1452 460 1514 quun
469 1450 563 1499 sedibus
573 1467 625 1499 ossa
634 1450 753 1514 quidmst.

122 1531 226 1578 Centum
236 1541 313 1577 errant
323 1546 406 1586 anuos,
417 1529 562 1594 volitantque
570 1527 621 1576 haec
629 1530 708 1577 littora
717 1529 806 1577 circum
817 1546 823 1574 t

121 1610 185 1658 ‘rum
196 1607 292 1656 demum
302 1607 397 1656 admissi
407 1619 487 1674 stagna
498 1620 605 1672 exoptata
614 1607 727 1657 revisunt.

161 1687 274 1736 Constitit
283 1673 388 1736 trichire
397 1700 473 1745 satus,
483 1700 506 1734 et
516 1685 611 1751 vestigia
619 1687 715 1750 pressit,

123 1766 199 1815 ltlultu
206 1776 306 1830 putans,
317 1778 450 1831 sortemque
460 1767 538 1814 animo
548 1767 670 1814 miseratus
680 1764 798 1829 iniquam.

123 1845 204 1894 Cernit
213 1844 248 1892 ibi
257 1857 366 1903 moestos,
377 1857 400 1894 et
407 1846 489 1894 mortis
497 1843 586 1894 honore
597 1856 714 1902 carentes,
747 1874 750 1879 ·

123 1924 276 1989 Leucaspim,
287 1937 310 1972 et
320 1922 397 1991 Lyciae
407 1925 528 1974 ductorem
537 1925 615 1973 classis
624 1927 754 1984 Orontem,

125 2006 192 2067 Quos
202 2002 274 2052 simul
282 2005 297 2051 d
304 2002 376 2068 Troji
386 2016 481 2052 ventose
492 2021 535 2069 per
543 2019 637 2069 aequone
646 2015 726 2051 vectos

123 2081 211 2130 Obruit
221 2083 319 2140 Auster,
328 2084 390 2146 aqui
399 2084 522 2131 involvens
532 2097 664 2147 navemque
673 2082 790 2146 virosque.

124 2164 182 2210 Ecce
190 2161 333 2227 garbernmor
342 2177 391 2210 sese
401 2162 525 2210 Palinurus
535 2162 635 2226 egebat,-

125 2240 173 2304 Qui
184 2240 275 2305 Libyco
285 2256 362 2306 nuper
371 2254 454 2297 cursu,
464 2240 524 2289 dlun
533 2240 607 2287 sidere
618 2249 707 2297 servat,

125 2318 247 2367 Exciderat
255 2319 346 2384 puppi,
355 2317 439 2367 mediis
448 2317 536 2366 effussus
546 2318 572 2365 in
581 2317 658 2366 undis.

124 2401 194 2446 lluuc
203 2397 248 2446 uhi
257 2397 299 2445 vix
309 2398 385 2446 mulcti
393 2409 506 2446 moestum
514 2397 624 2463 coguovit
633 2396 658 2445 in
668 2394 766 2454 umbri,

124 2476 161 2524 Sic
170 2477 236 2541 prior
247 2476 375 2540 alloquitur
386 2494 391 2522 :
404 2475 465 2539 Quis
474 2488 510 2535 te,
520 2476 641 2533 Palinure,
652 2479 757 2524 Deorum

125 2554 219 2620 Eripuit
228 2555 308 2614 nobis,
317 2555 442 2618 medioque
452 2555 498 2604 sub
506 2571 600 2620 aequore
609 2550 707 2604 mersit?

126 2634 167 2681 Dic
177 2649 233 2698 age3
244 2649 360 2697 namque,
369 2632 428 2684 mihi
439 2634 509 2682 fallax
516 2630 581 2682 haud
591 2636 645 2682 aute
655 2642 772 2698 repertus,

127 2713 175 2760 Hoc
185 2727 235 2760 uno
243 2727 355 2777 responso
365 2714 472 2766 animum
481 2713 567 2762 delusit
576 2713 662 2777 Apollo
670 2737 678 2770 ·,

127 2792 175 2853 Qui
183 2790 233 2839 sore
242 2802 267 2838 te
275 2802 350 2855 ponto
360 2792 515 2850 incolumem,
526 2790 630 2855 finesque
640 2790 738 2839 canebat

126 2868 261 2917 Venturum
270 2870 387 2919 Ausonios
397 2890 403 2920 ε
416 2887 446 2920 en
454 2869 505 2921 haec
514 2872 628 2938 promissa
639 2867 695 2919 fides
705 2859 759 2915 est?¹

129 2960 153 3000 v.
170 2948 235 3014 346.
452 2974 457 2984 ‹
704 2963 738 2998 πο
