1974 3772
148 269 201 321 πᾶα
360 267 491 329 enauit
510 267 682 317 viaeatur

147 367 190 418 Ille
199 381 297 415 manum
307 366 411 430 patiens,
420 380 554 429 mensaeque
565 377 669 413 assuetus
680 363 759 425 herili,

149 447 248 497 Errabat
256 445 334 504 silvis,
343 446 472 508 amensque
481 443 511 495 ad
520 443 603 493 limina
613 457 669 493 nota

147 531 200 592 Ipse
210 526 310 574 domum
319 526 369 572 seri
378 524 487 588 quamvis
498 538 522 571 se
532 536 600 572 noete
609 523 705 574 serebat

147 610 217 654 llunc
225 603 308 669 procul
318 616 435 653 errantem
444 603 530 653 rabide
541 605 647 657 venantis
658 605 703 655 liili

147 686 301 742 Commogere
312 699 393 742 canes,
404 681 478 731 fluvio
487 684 542 731 cnm
550 682 609 732 forte
619 684 722 739 eenutdo

147 762 278 821 Dellueret,
289 761 388 826 ripisque
398 774 467 811 estus
477 762 592 811 viridante
602 761 696 821 levaret

146 845 199 908 lpse
210 842 293 899 etiam
304 842 395 890 eximiae
404 842 481 890 laudis
490 858 615 891 succensus
625 859 717 902 amore,

55 963 57 967 .
146 920 262 970 Ascanius
271 937 344 969 curvo
353 921 438 969 direxit
445 921 535 986 apicula
544 938 636 970 cornu:
828 978 831 983 Ι

146 1003 194 1050 Nec
204 1000 291 1049 dextrae
300 1000 386 1049 erranti
398 999 560 1060 Deus'ebsuit,
570 1014 668 1064 actaque
676 999 757 1049 multo

146 1083 237 1144 Perque
247 1092 343 1129 uterum
351 1080 443 1140 souitu,
453 1096 542 1145 perque
552 1080 593 1128 ilia
601 1080 667 1128 venit
676 1081 774 1130 arundo.
798 1101 802 1111 ⁸

147 1159 244 1210 Saucius
254 1172 278 1208 at
287 1159 422 1224 quadrupes
432 1171 488 1209 nota
498 1159 559 1208 intra
569 1171 629 1210 oecta
639 1159 743 1225 refugit,
816 1202 818 1206 Α

146 1241 307 1304 Successitque
317 1255 412 1304 gemens
421 1239 534 1300 stabulis3
544 1251 690 1303 qrrestuque,
700 1251 825 1299 eruentus,

145 1319 225 1383 'Atque
236 1318 371 1382 imploranti
381 1318 476 1377 similis,
486 1328 576 1367 tectum
584 1333 654 1368 omne
663 1319 775 1384 replebat.

145 1398 218 1446 'Silvia
228 1397 304 1462 prima
314 1413 393 1458 soror,
402 1396 487 1462 palmis
496 1413 605 1462 pereussa
614 1398 726 1458 lacertos,
753 1403 756 1406 ’

131 1475 269 1543 „euxinum
279 1489 348 1525 vocat
353 1511 360 1536 ,
371 1488 394 1524 et
403 1475 475 1533 duros
485 1477 615 1531 conclamet
625 1488 730 1542 agrestes.

145 1556 194 1604 olli
204 1555 213 1620 (
218 1555 290 1621 pestis
300 1557 364 1604 enim
374 1555 448 1605 tacitis
457 1555 514 1604 latet
524 1572 604 1621 aspere
614 1556 693 1620 surb)

146 1634 271 1700 improvisi
282 1634 368 1684 adsunt
379 1653 384 1682 :
395 1633 434 1683 hic
444 1647 506 1683 torre
516 1648 619 1685 armatus
628 1635 728 1694 obusto,

144 1707 236 1781 'stipitis
243 1711 283 1762 hic
292 1714 384 1780 gravidi
393 1714 461 1769 nodis
472 1733 478 1763 τ
488 1714 554 1780 quod
564 1715 650 1778 maique
660 1725 782 1779 repertum

146 1794 265 1853 Rimanti,
274 1795 349 1843 telum
359 1794 395 1842 ira
401 1795 463 1842 fauit
474 1796 550 1846 Vocat
559 1795 652 1859 agmina
661 1791 796 1859 naharu,

147 1859 311 1937 Quedriiidam
321 1889 435 1939 quercum
444 1873 524 1925 cuneis
531 1886 559 1923 ut
569 1872 628 1921 sorte
638 1873 723 1935 coactis

146 1952 283 2011 scindebat,
294 1953 360 2018 rapti
370 1953 461 2018 spirans
470 1953 573 2002 immune
583 1954 664 2001 securi.

185 2031 217 2081 lt
227 2048 288 2080 sava
298 2035 311 2079 ὲ
321 2030 420 2096 speculis
431 2044 524 2096 tempus
534 2036 582 2080 Dea
593 2043 660 2082 nacta
670 2031 770 2080 nocendi

146 2112 226 2159 Ardua
234 2123 294 2160 tecta
304 2113 363 2176 petit
373 2111 473 2170 stabuli,
483 2123 507 2161 et
516 2111 545 2160 de
555 2112 657 2160 eulmine
668 2127 761 2160 summo

145 2192 262 2239 Pastorale
272 2191 335 2239 canit
344 2190 451 2257 signum,
460 2207 581 2258 cornuque
591 2207 689 2240 recurvo

144 2274 280 2319 Tartaream
289 2270 391 2320 intendit
401 2288 496 2330 vocem,
505 2274 554 2336 qui
561 2272 669 2337 protinus
680 2285 748 2318 omne

145 2352 293 2400 Contremuit
303 2354 399 2410 nemus,
410 2364 433 2400 et
438 2352 507 2400 silvae
516 2351 640 2400 intonuere
648 2349 780 2416 profundae.

145 2429 228 2478 Audiit
239 2443 262 2479 et
271 2430 356 2478 Triviae
366 2432 436 2496 longe
445 2432 520 2491 laeus3
531 2431 605 2481 audiit
615 2430 690 2479 amaris

146 2507 254 2559 Sulfureai
264 2513 311 2574 liar
321 2509 388 2558 albus
399 2513 472 2574 aqud,
483 2511 606 2576 fontesque
617 2509 708 2570 Velini3

145 2594 176 2638 Et
186 2589 282 2654 trepidae
292 2601 379 2638 matres
386 2593 490 2654 pressere
502 2591 531 2639 ad
540 2603 634 2655 pectora
644 2601 717 2637 natos.

145 2672 208 2717 Tum
217 2670 274 2716 vert
284 2669 314 2717 ad
324 2685 406 2717 votem
415 2672 512 2728 celeres,
523 2673 570 2734 qud
579 2669 680 2718 buccina
689 2668 784 2733 signum

145 2749 202 2796 Dira
212 2749 288 2808 dedit,
298 2749 371 2812 raptis
381 2762 524 2798 conctnrunt
534 2751 640 2814 undique
650 2748 701 2796 telis

145 2827 257 2875 indomiti
268 2828 372 2893 agricolae
378 2845 386 2889 3
397 2845 439 2878 nec
449 2845 497 2878 non
507 2842 531 2878 et
540 2834 610 2879 Troia
619 2828 694 2892 pubes

145 2904 245 2956 Ascanio
255 2908 369 2957 aemilium
378 2909 567 2960 castris'affimdit
576 2908 669 2974 apertis.

146 3003 171 3036 v.
187 2983 249 3036 522.
273 3011 278 3017 ·

63 3276 85 3291 -Ι

82 3308 96 3325 fr

118 3338 134 3363 ἱ,
329 3342 338 3355 c

179 3384 187 3397 ,

15 3290 210 3556 ,ζι-
236 3448 250 3473 ἱ,

170 3500 217 3543 ῳ.

217 3590 226 3629 l
