1974 3772
332 210 460 260 AENEIS
477 211 549 261 ΜΒ.
569 204 652 264 vill.
816 212 866 267 aaa

126 316 188 378 Rege
198 309 243 359 sub
253 308 400 375 Eurystheo,
410 298 464 358 satis
473 311 574 359 lunonis
583 310 684 375 iniquae.
720 336 721 342 =

126 391 256 439 Pertulerit.
267 394 305 437 Tu
315 391 457 454 nubigenas,
468 390 566 447 invicte,
576 390 719 438 bimembres
760 404 765 409 ·

126 472 296 536 Hylaeumque,
308 467 457 533 Pholumque
466 485 552 527 manu,
561 481 588 518 tu
597 471 688 519 Cressia
700 482 788 519 maetas

125 549 242 613 Prodigia,
253 560 277 597 et
284 561 378 596 vastum
388 549 474 596 Nemee
484 549 530 597 sub
538 565 598 611 rupe
608 549 707 597 leonem.
722 595 729 609 ,
787 594 789 597 ,
807 564 810 571 ·
884 578 887 583 ·

124 633 158 676 Te
169 628 243 692 stygii
254 629 369 674 tremuere
379 627 456 684 lacus,
466 639 489 674 te
500 625 586 690 janitor
594 628 649 676 Orci

125 711 184 754 Ossa
194 722 264 770 super
273 706 388 754 rembans
398 717 466 754 antro
476 700 564 754 semesa
573 720 677 756 eruenta.

125 789 172 834 Nec
182 797 205 833 te
215 786 270 833 ullae
279 786 360 844 facies,
372 802 420 833 non
429 784 513 833 tenuit
522 785 572 850 ipse
581 784 705 855 Typhoeus

125 864 231 922 Arduus,
243 881 305 912 arma
315 877 410 918 tenena;
422 881 471 913 non
480 877 502 913 te
513 865 610 913 rationis
619 879 726 932 egentem

125 947 236 991 Lemmus
245 944 316 992 turba
325 945 430 1007 capitum·
439 945 591 992 cinnumstetit
601 946 691 1010 anguis.

124 1023 205 1081 Salve,
215 1039 270 1069 vera
281 1025 346 1072 Jovis
354 1025 444 1087 proles,
455 1024 525 1071 decus
535 1023 612 1070 addite
624 1024 706 1071 Divis:

124 1107 156 1154 Et
164 1118 219 1160 nos,
229 1113 252 1148 et
262 1114 303 1149 tua
313 1102 393 1149 dexter
401 1101 440 1149 adi
450 1100 509 1165 pede
520 1118 583 1149 saera
593 1102 703 1151 seeundo.

163 1181 228 1227 Talia
238 1180 381 1227 carminibus
391 1181 509 1228 celebrant
519 1197 525 1227 t
537 1197 608 1244 super
616 1181 695 1229 omnia
703 1182 761 1229 Caci

124 1259 266 1323 Speluncam
275 1257 401 1322 adjiciunt,
412 1260 585 1323 spirantemque
595 1259 689 1324 ignibus
699 1260 784 1324 ipsum.

124 1340 244 1386 Consonat
251 1355 321 1387 omne
331 1355 415 1386 nemus
424 1340 523 1403 strepitu
530 1339 663 1403 ,collesque
674 1341 795 1390 resultant.

164 1417 224 1464 Exin
233 1434 258 1465 se
267 1417 345 1466 cuncti
355 1419 442 1465 divinis
451 1418 522 1466 rebus
530 1419 560 1466 ad
568 1420 653 1468 urbem

124 1495 233 1544 Perfectis
243 1495 354 1544 referunt
366 1497 418 1544 lbat
426 1513 467 1544 rex
477 1497 567 1546 obsitus
577 1514 641 1557 sevo,
736 1485 753 1491 ‘-

125 1579 158 1623 Et
164 1576 273 1624 comitem
283 1580 374 1624 AEnean
383 1574 449 1639 juxta
457 1587 586 1641 natumque
595 1577 691 1626 tenebat

124 1655 271 1719 Ingrediens,
280 1657 395 1719 varioque
404 1656 468 1703 viam
475 1672 582 1704 sermone
591 1657 691 1704 levabat.

123 1734 235 1793 Miratur,
245 1735 369 1799 facilesque
380 1734 461 1783 oeulos
470 1734 515 1784 sert
524 1736 604 1784 omnia
613 1736 715 1795 circum,

123 1815 220 1872 AEneas,
231 1815 369 1878 capiturque
378 1815 448 1874 loeis,
460 1826 483 1862 et
490 1816 581 1880 singula
591 1815 658 1864 laetus
710 1850 713 1855 ι

124 1892 278 1956 Exquiritque
288 1893 401 1958 auditque
411 1895 489 1942 vinnm
498 1906 651 1942 monumenta
661 1894 776 1958 priorum.

123 1962 236 2020 Trim‘rex
246 1973 382 2031 Evandrus,
393 1977 505 2022 Romanas
513 1974 621 2022 conditor
630 1973 688 2021 areis
699 1991 705 2020 t
783 1986 787 1991 ·

123 2054 179 2098 flaec
189 2041 284 2098 nemora
294 2053 409 2118 indigene
419 2055 495 2102 Fauni
504 2051 667 2120 Nymphaque
680 2051 793 2103 tenebant
798 2087 806 2121 ,

123 2133 236 2194 Gensque
246 2132 325 2178 viram
334 2133 423 2181 truncis
432 2145 456 2181 et
464 2133 524 2181 duro
534 2133 618 2180 robore
628 2143 696 2190 nata;

125 2210 197 2273 Queis
208 2226 284 2274 neque
294 2226 358 2269 mos,
368 2227 445 2274 nsque
455 2212 532 2258 cultus
542 2223 603 2267 erat,
612 2226 655 2257 nee
664 2208 761 2274 jungere
771 2221 863 2271 tauros,

124 2287 173 2336 Aut
182 2304 323 2352 componere
333 2304 389 2352 opes
400 2285 496 2346 ndrant,
507 2301 548 2336 aut
556 2304 650 2353 paruere
662 2300 745 2352 part03
793 2350 805 2357 .,
877 2323 883 2331 ·

107 2410 114 2419 .
123 2367 168 2415 Sed
179 2368 250 2426 rami,
260 2379 330 2432 atque
340 2383 408 2432 asper
416 2368 482 2416 vietis
492 2379 590 2416 venatus
600 2367 684 2416 alebat.

123 2447 215 2494 Primus
225 2447 256 2493 ab
265 2445 365 2495 ethereo
377 2447 440 2495 venit
448 2448 564 2496 samaa
574 2448 692 2513 Olympo,

122 2525 196 2573 Arma
205 2526 270 2574 lovis
280 2524 385 2591 fugiens,
395 2539 418 2575 et
427 2527 504 2592 regnis
515 2527 569 2574 exul
578 2526 705 2590 ademptis·

122 2607 145 2652 Is
155 2621 229 2670 genus
239 2605 339 2654 indocile
349 2623 375 2653 ae
385 2606 516 2670 dispersum
525 2606 647 2655 montibus
657 2603 709 2652 altis

121 2684 274 2748 Composuit,
284 2685 392 2750 legesque
403 2686 478 2742 dedit,
490 2686 631 2750 Latiumque
641 2682 720 2732 vocari

121 2764 218 2815 Maluit,
229 2761 266 2812 his
276 2765 388 2828 quonism
399 2765 502 2827 intuisset
512 2777 577 2813 tutus
587 2765 613 2812 in
621 2763 680 2812 oris.

122 2841 200 2890 Aurea
209 2859 263 2907 quae
272 2842 410 2910 perbibent,
421 2844 461 2894 illo
471 2845 517 2894 sub
526 2860 578 2911 rege
588 2842 686 2894 suerunt

122 2937 148 2974 v.
163 2925 229 2986 324.
518 2962 521 2966 Α
669 2920 713 2980 al.
