1974 3772
360 247 485 299 nnnrs
506 250 573 297 nin.
593 251 622 296 x.
809 217 857 296 bb!
960 213 964 224 ⁸

123 348 167 407 Et,
176 361 343 412 quemcunque
352 346 416 395 viem
426 346 516 397 dederit
524 347 631 406 fortune,
644 348 755 410 sequetur
766 365 771 393 :

123 431 193 475 Hunc
203 439 293 491 tegere,
303 437 326 474 et
334 426 391 474 dirae
399 427 491 476 valeam
499 427 629 477 subducere
638 441 732 492 pugnae.

124 509 166 555 Est
175 504 306 564 Amathus,
317 517 351 554 est
360 506 420 553 celso
428 503 488 553 mihi
497 504 601 570 Paphos,
611 517 680 570 atque
690 501 804 571 Cythera,

124 585 249 649 idaliaequc
259 584 344 633 domus
355 601 361 630 ε
371 585 453 648 positis
462 584 576 649 inglorius
584 586 655 634 armis
725 580 727 585 ’

124 664 206 729 Exiget
215 661 255 730 bio
264 662 343 712 tevurit
354 680 360 711 ι
369 664 455 728 magud
465 662 553 711 ditione
562 661 644 726 jubeto

122 741 240 808 Carthago
249 754 341 806 premnt
350 741 481 790 Ausonium
491 761 497 789 :
509 739 568 789 nihil
578 741 678 790 urbibus
688 743 743 792 inde

123 821 233 870 obstabit
242 821 326 887 'lyriis
338 821 404 884 Quid
413 832 503 884 pestem
512 821 609 869 evadere
616 821 672 869 belli

121 901 202 959 Juvit,
213 913 236 950 et
245 899 367 964 Argolicos
374 900 480 949 medium
489 900 575 965 fugisse
584 916 627 964 per
637 901 715 966 ignes,

122 984 215 1044 Totque
224 979 294 1027 maris
304 990 422 1042 vestesque
432 976 543 1026 exbnusts
552 979 656 1042 periuris
665 991 745 1036 terrae,
815 1019 817 1023 .

123 1062 188 1107 Dum
198 1059 292 1106 Latium
301 1059 385 1106 Teucri
395 1056 543 1121 recidivaque
550 1060 661 1122 Pergama
670 1055 798 1120 qrroeruntl
854 1068 859 1075 “

123 1140 176 1187 Non
186 1138 258 1185 sutilis
265 1138 354 1184 cineres
363 1136 445 1200 patrie
455 1135 565 1184 insedisse
575 1151 710 1199 supremos,

121 1216 201 1280 Atque
211 1217 290 1264 solum
299 1229 347 1279 quo
356 1210 427 1277 Troia
437 1211 500 1266 suit?
511 1211 634 1263 Xanthum
643 1225 666 1262 et
676 1213 795 1263 Simoenta

123 1295 217 1352 Redde,
227 1310 282 1354 oro,
291 1292 383 1341 miseris
393 1310 399 1340 ε
408 1293 541 1358 iterumque
548 1293 669 1342 revolvere
678 1291 745 1341 c'esus

123 1378 171 1432 Da,
181 1385 260 1440 poter,
271 1372 352 1420 Iliacos
361 1373 463 1420 Teucris.
473 1374 537 1421 Tdm
546 1371 609 1437 regio
618 1377 695 1430 June,

122 1452 182 1501 Acte
192 1451 270 1500 furore
278 1450 345 1517 'gravi
356 1468 362 1498 :
374 1450 440 1514 Quid
450 1463 489 1499 me
496 1450 542 1503 elta
551 1450 642 1499 silentia
652 1450 716 1516 cogis

123 1535 255 1594 Rumpere,
265 1542 289 1578 et
298 1529 430 1578 obductum
438 1529 518 1580 verbis
527 1530 623 1594 vulgare
632 1527 755 1577 dolorem?

122 1613 214 1658 AEnean
223 1607 349 1657 hominum
358 1608 485 1672 quisquam
495 1608 631 1671 Divquue
640 1607 734 1672 subegit

122 1688 186 1736 Rellc
196 1688 275 1750 sequi,
286 1698 327 1735 cut
335 1676 428 1734 hostem
437 1685 486 1751 regi
495 1701 520 1735 se
529 1685 614 1735 inferre
625 1682 726 1736 meino?

123 1767 215 1816 ltaliam
224 1764 293 1829 petiit
301 1764 356 1815 lutis
365 1765 513 1824 auctoribus,
523 1776 574 1816 esto
578 1801 585 1826 ,
603 1799 607 1805 -
665 1794 668 1799 ·

121 1844 258 1895 Cassandrae
268 1843 384 1909 impulsus
393 1841 467 1893 furiis.
477 1847 541 1893 Num
550 1844 657 1909 linquere
666 1846 739 1895 costis

123 1923 215 1972 Heneti
225 1939 320 1981 sumus,
330 1936 371 1974 eut
380 1924 454 1973 vitem
462 1924 607 1985 committere
617 1922 711 1973 ventis?

122 2005 270 2068 Num-puero
281 2019 398 2053 summum
406 2004 476 2064 belli,
487 2005 546 2053 num
555 2003 647 2053 credere
656 1999 754 2052 minos?

121 2080 300 2150 Tyrrhenamve
310 2080 381 2132 fidem
390 2096 432 2134 aut
440 2096 520 2148 gentes
528 2086 613 2150 agitare
623 2079 731 2147 quietes?

124 2161 185 2227 Quis
196 2165 259 2210 Deus
268 2163 293 2210 in
304 2160 425 2221 fraudem,
432 2178 486 2226 quae
495 2162 668 2225 duro‘potentie
678 2159 754 2209 nostri

123 2239 194 2305 ugit?
205 2240 248 2289 uhi
257 2238 297 2288 bic
307 2246 384 2298 June,
393 2240 522 2287 demissave
529 2239 635 2286 nubibus
645 2237 706 2285 Iris?

124 2318 252 2383 Indignum
261 2329 295 2366 cst
306 2318 376 2365 Italos
385 2315 482 2379 'lbojem
490 2316 633 2365 circumdem
643 2314 745 2363 flammis

124 2401 144 2446 N
147 2409 275 2456 ascentcm,
285 2408 309 2445 et
316 2395 392 2460 putris
400 2401 511 2445 Turnum
517 2395 643 2444 consistere
652 2395 726 2451 teret,

124 2476 170 2526 Cui
180 2476 304 2523 Pilumnus
312 2491 384 2534 avus,
394 2475 433 2524 eui
443 2475 498 2523 diva
508 2474 600 2526 Venilia
609 2485 684 2522 meten
694 2490 701 2520 t

97 2577 101 2581 ·
126 2555 192 2620 Quid
201 2555 250 2602 sace
258 2552 371 2618 Troianos
382 2557 432 2602 stru
440 2542 491 2602 vim
499 2553 559 2602 serre
568 2551 675 2602 urinis?

124 2636 189 2683 Arva
199 2634 274 2681 aliena
284 2633 339 2698 jugo
349 2649 468 2697 premere,
478 2644 548 2698 atque
559 2642 662 2680 avertere
672 2624 780 2694 prodes?

126 2712 192 2776 Quid
202 2729 292 2760 soceros
301 2713 390 2777 legens,
400 2723 423 2760 et
432 2704 525 2777 gremiis
535 2709 650 2759 abducere
660 2705 755 2774 pactos?

125 2797 210 2840 Pacem
219 2809 284 2840 orare
294 2808 380 2848 mnnu,
390 2788 508 2855 praeligere
519 2790 641 2854 puppibus
650 2784 732 2836 arms?

165 2875 202 2917 Tu
211 2883 278 2935 potes
288 2875 378 2918 AEnean
387 2869 498 2919 menibus
508 2868 638 2918 subducere
648 2865 761 2923 Graium,

126 2969 151 3002 v.
171 2951 215 3000 81.
