1974 3772
349 223 622 271 annisum-x.
645 228 648 234 ¹
803 222 854 286 347

120 330 175 373 Haec
184 322 303 390 loquitur,
313 321 444 388 juguloque
451 319 518 370 haud
527 321 614 370 inscius
624 319 809 384 ancipitem,

120 404 273 469 Undantique
284 404 386 451 atumem
396 401 509 452 diffundit
516 401 541 450 iu
552 417 617 448 arma
625 401 715 448 cruore.

125 567 859 593 smmum!

192 715 375 787 LIBER
415 708 794 787 UNDECIMUS.

122 1012 270 1086 Oceanum
280 1037 367 1086 interea
377 1052 473 1102 surgens
483 1036 575 1086 Aurora
584 1038 685 1102 reliquit.

121 1124 206 1170 AEneas
218 1117 227 1179 (
232 1132 369 1180 quanquam
379 1128 403 1164 et
412 1117 480 1164 sociis
489 1115 544 1164 dure
554 1127 648 1180 tempus
658 1114 787 1166 humandis

122 1195 271 1259 Praecipitant
280 1209 355 1254 curae,
365 1194 505 1258 turbataque
515 1193 597 1242 funere
607 1210 674 1242 mens
683 1194 732 1259 est)

118 1279 184 1326 Nota
195 1275 273 1322 Deum
282 1273 360 1338 primo
368 1275 443 1321 victor
452 1273 557 1321 solvebat
568 1277 625 1321 Eoo.

122 1358 246 1417 lngentem
254 1368 382 1417 quereum,
391 1351 472 1401 decisis
483 1352 590 1416 undique
598 1353 682 1412 ramis,

122 1432 251 1481 Constituit
260 1433 366 1489 tumulo,
375 1431 536 1497 fulgentiaque
545 1431 623 1480 induit
632 1447 710 1491 erma,

123 1513 224 1560 Mezenti
234 1510 301 1558 ducis
311 1511 419 1567 exuvias,
429 1510 485 1569 tibi,
495 1526 591 1575 magne,
602 1521 731 1575 tropaeum,
770 1541 773 1546 ·

122 1590 264 1654 Bellipotens
275 1606 281 1635 ε
293 1600 357 1653 aptat
367 1601 471 1637 rorantes
480 1589 593 1654 sanguine
602 1586 696 1661 eristas3

122 1669 226 1730 Telaque
234 1681 317 1716 trunca
326 1669 384 1726 riri,
394 1679 418 1716 et
427 1668 464 1716 bis
473 1684 513 1716 sex
523 1666 617 1716 thorum
627 1669 730 1732 petitum

123 1747 303 1810 Perfossumque
312 1747 367 1794 locis
377 1748 573 1813 clypeumque-ex
580 1763 625 1795 aere
634 1747 734 1796 sinistra
766 1788 770 1794 .

123 1827 242 1891 subligat,
252 1839 322 1890 atque
332 1842 412 1874 ensem
420 1827 481 1875 eollo
491 1826 614 1890 suspendit
623 1827 750 1887 eburnunu

162 1907 225 1952 Tum
235 1905 309 1953 socios
319 1905 436 1970 (numque
446 1907 522 1954 omnis
532 1922 588 1954 eum
597 1906 682 1970 stipata
693 1904 785 1972 tegebat

122 1984 203 2032 Turba
214 1984 316 2048 ducum)
326 1984 482 2050 sicincipiens
492 1984 600 2035 homtur
609 1979 707 2034 ovantes
718 2003 725 2033 ε

123 2064 225 2112 Maxima
234 2081 270 2114 res
280 2064 359 2114 effectu
367 2101 373 2124 ‚
382 2065 440 2114 viri:
451 2065 521 2114 timor
531 2066 610 2114 omnis
619 2065 713 2123 abesto,
803 2082 808 2088 ·
899 2082 903 2091 ·

125 2143 197 2205 Quod
207 2156 318 2208 superest.
330 2149 386 2193 Haee
395 2156 451 2194 sunt
460 2145 534 2209 spolia
544 2157 567 2192 et
577 2145 606 2192 de
616 2161 669 2210 rege
681 2143 784 2208 superbo

124 2221 234 2269 Primitiae
246 2239 252 2268 z
263 2222 419 2286 manibusque
429 2224 486 2271 meis
496 2225 626 2270 Mezentius
635 2221 675 2271 hic
685 2235 726 2271 est.

125 2303 193 2347 Nunc
202 2299 246 2346 iter
256 2300 285 2347 ad
295 2316 373 2364 regem
382 2301 451 2347 nobis
461 2316 587 2363 murosque
598 2301 701 2349 Latinos.

126 2379 197 2426 Arma
206 2390 299 2442 parate,
310 2379 393 2426 animis
403 2389 426 2428 et
436 2395 477 2444 spe
486 2379 619 2443 presumite
629 2379 733 2440 belium3

125 2461 159 2507 Ne
168 2473 215 2521 qua
224 2473 289 2505 mora
300 2458 404 2522 ignaros,
414 2458 456 2507 ubi
466 2460 571 2523 primum
579 2460 665 2507 vellere
675 2460 740 2524 signa

127 2537 259 2585 Annuerint
268 2537 352 2601 Superi
359 2573 365 2596 ‚
372 2539 509 2603 pubemque
518 2539 617 2587 educere
625 2539 716 2597 castris,

125 2615 253 2680 Impediat,
263 2631 390 2681 segnesque
400 2629 465 2666 metu
474 2619 588 2667 sententia
598 2618 680 2669 tardet

124 2697 215 2742 Intered
224 2694 299 2743 socios
308 2694 478 2761 inhumataque
487 2713 585 2763 corpora
595 2709 661 2746 terrae

124 2773 278 2835 Mandemus;
288 2775 331 2840 qui
341 2775 404 2823 solus
413 2774 489 2826 honus
498 2775 630 2826 Acheronte
640 2774 686 2824 sub
696 2775 743 2823 imo
754 2783 794 2822 est.

123 2853 172 2911 Ite,
183 2853 227 2911 ait,
238 2855 338 2921 egregias
348 2855 451 2914 animas,
460 2872 514 2920 quae
524 2856 636 2924 sanquine
646 2855 714 2904 nobis

126 2949 153 2983 v.
167 2933 211 2996 πή.
