1974 3772
132 239 183 274 222
338 222 468 269 PUBLH
487 222 659 272 vlnctun

129 329 151 374 0
161 322 255 374 tandem
266 320 355 386 magnis
365 319 441 385 pelugi
450 317 559 369 defuncte
567 320 658 384 periclis
669 320 676 368 i
725 328 729 333 ’

129 405 175 453 Sed
185 405 245 451 terri
255 402 360 466 graviora
370 411 473 447 monent
484 401 512 447 lu
522 415 592 464 regna
602 394 687 449 Lavini

130 482 269 530 Dardanidae
279 481 386 536 venient,
396 479 463 526 mitte
473 475 534 526 hunc
543 478 572 526 de
582 490 676 543 pectore
685 494 780 537 curum

129 549 175 610 Sed
185 577 233 608 non
244 571 267 608 ct
277 559 367 607 venisse
376 558 464 605 volent.
475 558 550 615 Belia,
560 554 655 606 horrido
664 557 738 616 bellu,

130 643 161 691 Et
169 639 261 687 Tibrim
271 637 347 685 multo
356 637 506 702 epumintem
516 637 628 702 sunguine
636 651 713 685 cerno.

130 721 183 768 Non
193 719 278 766 Simois
287 716 345 775 tibi,
355 732 398 764 nec
408 714 531 774 Xanthus,
539 731 583 764 nec
593 716 676 765 Dorice
685 727 759 764 castre

131 796 253 846 Dcfirerint
262 814 268 843 ε
277 796 337 844 alius
347 795 414 844 Latio
425 793 473 858 jam
482 806 564 860 pertus
574 792 689 854 Achilles,

130 877 204 924 Notus
214 888 237 924 et
247 877 297 940 ipse
307 876 370 935 θεὴ
381 890 424 923 uec
432 874 528 922 Teucris
538 873 617 923 addita
626 878 691 923 Juno

129 957 238 1018 Usquim
247 954 328 1002 aberit.
340 957 420 1016 Quem
429 965 456 1001 tu
466 953 576 1017 supplex,
586 953 611 1001 in
621 953 692 1001 rebus
702 954 794 1018 egenis,

132 1037 198 1097 Quas
208 1046 287 1100 gentes
297 1032 396 1090 halom,
410 1043 451 1086 out
460 1049 519 1096 quoe
528 1048 578 1080 non
587 1033 690 1081 oraveris
699 1033 785 1081 urbes!

129 1115 206 1167 causa
216 1113 273 1160 mali
282 1113 342 1161 tanti
351 1110 437 1175 conjux
448 1113 545 1170 iterum,
555 1108 648 1175 hospite
657 1115 767 1168 Teucris,

130 1192 274 1256 Externique
284 1192 370 1240 iterium
380 1189 483 1239 tholomi.
536 1196 539 1202 '

89 1324 96 1337 κ
130 1275 179 1329 Τιι,
189 1287 219 1319 ne
228 1271 283 1319 cede
293 1271 375 1331 malis3
384 1269 425 1319 sed
434 1269 515 1318 contri
524 1268 647 1318 audentior
656 1268 703 1327 ito,

133 1353 263 1413 Quintus
273 1361 296 1398 te
306 1348 400 1398 fortuna
410 1349 476 1397 sinet
485 1348 527 1401 vta
537 1348 614 1412 prime
624 1347 718 1406 sumis,

133 1428 205 1491 Quod
214 1427 312 1476 minime
321 1427 377 1475 reris
386 1462 392 1485 ‚
403 1426 601 1493 Graiipsndemr
610 1426 641 1474 ob
650 1426 718 1476 urbe.

169 1506 267 1554 Talibus
277 1523 306 1555 ex
315 1507 388 1573 adyto
396 1503 467 1555 dictis
473 1496 569 1556 Cumaea
576 1505 669 1572 sibylla

131 1584 265 1635 Horrendus
275 1587 337 1633 canit
347 1585 469 1652 ambages,
478 1597 593 1651 antroque
599 1585 715 1650 remugit,

131 1665 243 1714 Obscuris
253 1681 308 1712 vera
317 1665 443 1714 involvens
454 1683 459 1711 :
471 1681 497 1713 eo
507 1663 572 1712 irena
580 1664 667 1712 furenti

31 1755 36 1760 '
131 1742 255 1801 concutit,
266 1755 289 1791 et
298 1743 406 1792 stimulos
415 1744 461 1792 tub
470 1755 564 1808 pectore
573 1743 644 1791 vertit
654 1743 749 1808 Apollo.

171 1826 204 1870 Ut
214 1822 319 1886 primum
328 1824 395 1871 cessit
403 1822 482 1881 furor,
493 1835 516 1870 et
524 1821 607 1871 rabide
615 1838 657 1870 ort
667 1823 789 1888 quierunt,

132 1901 217 1966 Incipit
226 1905 311 1949 AEneae
320 1899 389 1950 heroe
400 1920 405 1948 :
415 1905 469 1949 Non
478 1903 527 1949 ulla
536 1901 657 1961 laborum,

132 1984 154 2029 0
163 1980 242 2046 virgo,
253 1996 314 2027 nova
323 1981 357 2028 mi
368 1976 436 2028 facies
446 1980 572 2044 inopinave
581 1980 656 2046 surgit
666 1997 673 2026 t

131 2058 218 2107 Omnia
228 2059 341 2124 praecepi‚
352 2071 422 2122 etque
432 2060 512 2107 animo
521 2074 616 2107 mecum
624 2059 678 2107 unte
688 2059 775 2123 peregi.

132 2141 214 2186 Unum
224 2154 265 2186 oro
277 2156 282 2184 :
294 2136 389 2202 quondo
398 2136 437 2186 hic
448 2137 533 2186 inferni
543 2135 615 2202 janus
623 2137 694 2203 Regis

50 2238 54 2243 ·
133 2218 232 2276 Dicitur,
243 2229 266 2265 et
275 2217 397 2267 tenebrose
407 2217 476 2280 polus
486 2215 618 2266 Acheronte
627 2217 716 2273 refuso,

133 2300 169 2344 Ire
179 2295 209 2345 ad
219 2307 370 2362 conspectum
379 2297 427 2343 cori
436 2297 546 2362 genitoris
556 2308 580 2344 et
588 2312 628 2343 ore
657 2346 660 2351 ff

131 2376 259 2441 Contingat
269 2393 274 2421 :
285 2375 368 2423 doceas
377 2374 434 2432 iter,
444 2388 468 2423 et
476 2392 540 2424 sucre
550 2375 608 2423 ostia
617 2375 714 2439 pondus„

133 2454 203 2502 illum
213 2470 256 2519 ego
264 2470 308 2518 per
318 2452 423 2500 flammas
434 2467 456 2502 ct
465 2455 529 2502 mille
540 2454 660 2520 sequentis
669 2455 715 2502 tels

133 2533 215 2599 Eripui
225 2531 262 2580 his
272 2531 387 2591 humeris,
396 2533 521 2597 medioque
531 2550 560 2582 cx
567 2531 634 2582 hoste
641 2532 734 2597 recepi:

133 2613 186 2668 Ille,
197 2628 278 2660 meum
287 2613 411 2660 comitatus
420 2613 475 2671 iter,
486 2615 559 2662 merie
569 2612 648 2661 omnia
656 2627 764 2675 mptum,

132 2691 211 2754 Atque
220 2707 301 2739 omues
310 2690 433 2757 pelagique
442 2692 519 2740 minas
528 2693 628 2756 coelique
637 2690 725 2740 sember

132 2769 265 2831 Invalidus,
275 2771 335 2818 vires
345 2770 407 2819 ultro
417 2783 549 2839 sortemque
558 2784 662 2844 sgnectae.
743 2814 746 2819 ,

133 2849 212 2916 Quin,
222 2862 249 2898 ut
259 2861 282 2899 te
291 2849 390 2916 supplex
399 2861 515 2923 peterem,
526 2863 549 2901 et
559 2863 600 2900 tus
609 2851 690 2899 limine
701 2848 805 2909 adirem,

132 2946 157 2979 v.
175 2926 233 2979 115.
