1974 3772
126 263 178 324 [μη
331 263 461 309 ronan
480 262 654 314 vrncrnrr

123 362 198 412 Multa
209 376 317 426 gemens,
326 371 381 409 etse
392 358 466 409 fluvio
474 363 523 408 Dea
532 359 638 425 condidit
648 361 703 409 alto.

162 445 248 488 AEneae
258 439 329 488 instat
338 443 432 499 contri,
442 439 563 504 telumque
573 454 679 490 coruscat

107 568 110 574 ,
121 520 221 584 Ingens,
232 519 369 579 arboreum,
378 531 403 569 et
412 534 475 568 aaevo
483 519 516 568 sie
526 532 619 584 pectore
630 516 694 568 satur
704 540 710 568 :

123 602 184 662 Qua·
191 599 416 648 nuncdeindemora
422 596 743 664 estlantquidjam‚anne,
750 616 862 655 renueras

122 681 177 753 Non
186 695 270 736 curan,
279 677 347 727 saevis
357 678 496 728 certandum
505 690 540 728 eat
549 679 657 729 eominus
671 681 752 730 armis.

121 761 194 810 verte
204 772 285 807 omnes
295 769 342 807 tete
352 759 376 807 in
386 755 470 818 facia,
480 770 502 808 et
512 755 623 808 contrahe
632 759 755 824 quidquid

104 830 176 886 ‘Sive
186 836 283 896 animis,
293 837 343 886 sive
353 849 402 887 arte
412 838 489 900 valea5
500 849 555 903 opta
566 838 638 886 ardua
649 840 738 903 pennis

121 916 191 970 Astra
201 917 281 981 aequi,
291 916 446 983 clausumque
455 921 512 966 cava
523 928 544 965 te
554 917 655 966 condere
665 922 737 969 terri.

162 995 216 1053 Ille,
228 1008 421 1062 caputquaasana
432 1014 439 1045 ε
449 999 502 1046 Non
511 1012 550 1045 me
563 1009 604 1045 tua
616 995 705 1046 fervida
717 1009 812 1062 terrent

123 1075 202 1134 Dicta,
212 1074 292 1136 seron
304 1077 333 1124 Di
342 1092 380 1126 me
390 1087 491 1135 terrent,
501 1088 525 1126 et
534 1077 644 1142 luppiter
653 1074 738 1127 hostia.
831 1072 835 1080 “

122 1158 169 1205 Nec
179 1155 248 1220 plura
258 1154 355 1217 effatus,
364 1171 448 1207 aarum
458 1155 615 1222 circumspicit
624 1157 723 1222 ingens,

121 1236 210 1284 Saxum
220 1235 359 1304 antiquum,
367 1235 460 1301 ingens,
468 1251 551 1299 eampo
561 1235 626 1300 quod
637 1235 699 1284 forte
708 1234 815 1300 jacebat,

121 1315 201 1363 limes
211 1331 266 1380 egro
276 1315 379 1378 positus,
388 1315 456 1364 litem
465 1326 493 1364 ut
502 1315 641 1363 discerneret
652 1315 723 1364 arvis.

120 1393 169 1446 Vix
179 1394 240 1442 illud
248 1393 303 1442 lecti
312 1394 349 1443 bis
359 1410 399 1442 sex
408 1394 498 1443 cervice
507 1393 626 1453 subirent,

123 1473 210 1537 Qualia
220 1490 284 1522 nune
293 1471 420 1523 hominum
429 1472 539 1538 producit
547 1488 646 1537 corpora
655 1473 735 1522 tellua.

122 1551 165 1600 llle
174 1568 248 1601 manu
258 1564 354 1618 raptum
363 1553 454 1618 trepidi
464 1551 589 1617 torquebat
599 1551 624 1599 in
632 1549 742 1613 hostem,

76 1646 79 1657 ·
121 1629 199 1680 Altior
209 1631 346 1698 insurgens,
357 1644 381 1681 et
389 1648 461 1681 cursu
470 1631 587 1689 concitus,
598 1627 677 1680 heros:

122 1710 167 1758 Sed
177 1727 255 1775 neque
264 1723 398 1760 sumentem
405 1728 442 1770 se,
453 1728 495 1760 nee
505 1710 623 1777 cognoscit
632 1722 744 1771 euntem,

120 1789 283 1838 'tollentemve
293 1807 380 1850 manu,
390 1807 520 1855 saxumque
528 1791 630 1838 immam
643 1804 789 1840 moventem.

121 1871 207 1918 Genua
217 1870 311 1930 labant,
321 1870 412 1936 gelidus
421 1871 540 1918 concrevit
550 1856 635 1935 frigore
644 1870 748 1938 sanguis.

119 1949 184 1996 Tum
193 1948 253 2013 lapis
261 1949 310 2013 ipse
321 1951 379 2009 viri,
389 1966 491 1998 vacuum
501 1966 544 2015 per
553 1948 623 1997 inane
632 1949 744 2008 volutus,

121 2031 168 2076 Nec
179 2026 282 2091 spatium
292 2029 365 2077 evasit
376 2039 452 2077 totum
458 2063 465 2086 ,
476 2045 519 2076 nec
528 2028 627 2092 pertulit
637 2028 718 2076 ictum.

121 2107 156 2154 Ac
166 2106 232 2154 velut
242 2106 266 2153 in
275 2107 375 2166 somnis,
385 2107 465 2155 oculos
476 2107 518 2155 ubi
529 2107 640 2173 languida
649 2109 733 2172 pressit

121 2189 194 2257 Nocte
204 2186 283 2251 quiea,
294 2187 451 2252 nequicquam
462 2187 543 2235 avidos
552 2186 675 2235 extendere
686 2204 770 2236 cursus

74 2272 92 2288 ““
120 2266 188 2316 Velle
198 2266 320 2326 videmur,
330 2279 353 2314 et
364 2267 388 2314 in
398 2267 481 2316 mediis
491 2267 614 2316 conatibus
624 2266 680 2331 regri

121 2345 281 2407 Succidimus;
292 2363 340 2394 non
351 2345 431 2412 lingna
441 2347 516 2405 valet,
527 2363 575 2395 non
586 2361 684 2410 corpore
694 2358 758 2394 notae

122 2425 246 2475 Sufficiunt
255 2426 329 2486 vires,
339 2442 382 2473 nee
393 2443 439 2474 vox
449 2439 491 2475 ant
500 2425 572 2473 verbo
583 2437 717 2488 sequuntur
728 2443 734 2471 ε

121 2508 159 2554 Sic
168 2509 261 2563 Turno,
270 2506 413 2569 vacuoque
423 2507 487 2554 viam
497 2506 583 2553 virtute
594 2505 689 2569 petivit,

100 2588 261 2648 oSnecesaum
271 2589 319 2633 Dea
330 2585 380 2633 dira
391 2598 466 2650 negot.
477 2587 540 2635 Tum
549 2596 643 2649 pectore
654 2599 737 2632 sensns

124 2669 255 2714 Vertuntur
265 2665 330 2713 varii.
341 2665 443 2713 Rutulos
452 2677 555 2730 aspectat
565 2676 588 2711 et
598 2663 697 2721 urbem,

124 2747 300 2809 cunctaturque
310 2757 388 2802 metu,
399 2746 521 2810 telumque
532 2745 617 2792 instare
625 2741 752 2802 tremiscit;

124 2827 170 2872 Nec
180 2826 229 2887 qud
239 2841 264 2872 ee
274 2825 369 2888 eripiat,
378 2841 420 2874 nec
430 2828 479 2889 qud
488 2825 513 2873 vi
523 2824 604 2873 tendat
613 2823 638 2869 in
649 2820 758 2879 hostem,

122 2905 169 2952 Nee
180 2919 263 2952 currus
273 2905 374 2969 usqulm
384 2904 461 2963 videt,
472 2905 607 2971 aurigamve
617 2918 730 2950 sororem.

160 2983 289 3032 Cunctanti
299 2983 374 3032 telum
383 2988 469 3032 AEneae
477 2985 547 3051 fatale
557 2993 676 3039 coruscat,

125 3077 149 3111 V·
168 3078 232 3130 919.

8 3282 303 3525 ’ἱ
351 3464 354 3469 ,
