1974 3772
279 243 488 295 GEORGICA.
509 247 576 292 LlB.
597 247 646 299 tv:
798 246 832 296 iti
933 288 948 297 .,

88 351 150 399 Nare
158 362 203 412 per
212 357 316 394 meatem
325 345 441 408 liquidam
449 344 579 408 suspexeris
589 359 685 410 agmen,

87 428 269 489 obscuramque
279 420 341 472 trabi
350 436 421 472 vento
434 423 548 472 mirabere
557 423 660 480 nubem,

87 505 281 570 contemplatum
292 519 365 568 aquas
374 503 454 552 dulces
464 515 487 551 et
497 501 593 551 frondea
603 517 696 566 semper

87 591 159 636 Tecta
169 595 273 650 petunt:
283 579 331 632 hirc
341 593 368 630 tu
377 580 452 646 jussos
463 597 557 647 asperge
568 597 674 646 sapores,

84 664 154 714 urica
163 660 329 728 melisphylla,
338 673 361 709 et
370 659 480 709 cerinthae
489 661 592 726 ignobile
602 676 713 726 gramen:
722 716 725 720 ¹

88 744 247 806 Tinnitnsque
257 742 305 801 cie,
315 751 338 789 et
347 741 428 789 Matris
438 752 509 804 quate
519 739 627 806 cymbala
637 741 733 788 circirm.

89 828 150 890 lpse
159 821 282 870 consident
291 819 410 869 medicatis
420 818 528 880 sedibus3
540 821 602 885 lpsae·

87 902 175 952 rnrima
185 916 251 948 more
261 917 306 949 suo
314 915 363 947 sese
373 900 399 946 in
408 898 526 946 cunabula
536 897 644 947 condent.

129 981 171 1029 Sin
181 991 260 1028 autem
270 979 300 1027 ad
310 994 415 1044 pugnam
425 978 523 1026 exierint
533 977 603 1042 (nam
613 980 675 1042 saepd
685 977 780 1026 duobus

89 1059 193 1126 Regibus
204 1058 297 1106 incessit
306 1073 392 1123 magno
402 1056 516 1105 discordia
526 1056 622 1120 metir),

89 1139 258 1201 Continuique
268 1137 358 1185 animos
367 1134 445 1200 vulgi,
457 1135 629 1200 ettrepidantia
639 1135 702 1183 bello
749 1152 752 1158 ’

89 1217 167 1267 (brda
176 1217 231 1277 licet
239 1216 310 1280 longe
319 1214 462 1279 praesciscere
470 1233 476 1276 ;
488 1230 590 1278 nemque
599 1227 718 1263 morantes
751 1248 756 1253 -

89 1297 188 1346 Martius
199 1295 237 1345 ille
247 1295 300 1343 aeris
308 1293 373 1344 rauci
383 1311 453 1343 canor
463 1295 579 1360 increpat,
590 1305 613 1342 et
623 1310 673 1359 vox⁴

87 1375 193 1424 eluditur
203 1372 288 1429 fractos
298 1373 389 1423 sonitus
397 1374 488 1423 imitate
495 1374 614 1423 tubarum.
677 1392 679 1397 v

88 1457 151 1504 Tirm
161 1453 258 1519 trepidae
268 1453 329 1502 inter
339 1469 363 1517 qe
372 1458 471 1515 coeunt,
481 1454 611 1520 pennisque
622 1465 758 1512 comrscnnt,
846 1458 849 1463 '

89 1534 231 1600 Spiculaque
241 1545 358 1582 exacuunt
367 1533 460 1593 rostris,
470 1524 598 1599 aptantque
610 1533 720 1590 lacertos,
742 1566 745 1573 -

46 1625 53 1634 ·
89 1618 119 1662 Et
128 1614 189 1662 circa
197 1629 277 1679 negem
287 1624 356 1676 atque
367 1613 418 1677 ipsa
427 1613 458 1667 a'd
467 1613 575 1680 pretoria
585 1612 662 1660 densa·

88 1694 217 1742 rtisoentur
223 1729 230 1752 ,
236 1680 474 1756 'magnisquetrocant
483 1690 625 1739 clamoribus
636 1688 736 1738 hostem.

128 1778 190 1837 Ergo
200 1771 244 1820 ubi
254 1787 296 1818 ver
306 1782 379 1820 nactae
388 1771 488 1829 sudum,
499 1785 640 1834 camposque
651 1780 772 1834 patentes,

89 1855 226 1917 Erumpunt
235 1851 324 1915 portic
334 1851 494 1910 concinnitnr3
506 1847 590 1899 aetlrere
604 1849 689 1898 inulto

88 1930 128 1978 Fit
136 1931 243 1990 sonitus3
253 1945 367 1994 magnum
375 1931 454 1978 mixtae
463 1924 623 1995 glomerantur
636 1928 661 1977 in
672 1929 766 1986 orbem,

87 2009 269 2082 Pimtipitesque
278 2008 381 2057 cadunt:
392 2025 441 2058 non
451 2009 544 2058 densior
554 2013 605 2058 aere
615 2009 717 2073 grando,

87 2091 136 2136 Noc
145 2088 176 2136 de
183 2090 299 2138 concussa
309 2090 402 2137 tentrun
411 2088 475 2154 pluit
482 2089 533 2137 ilice
543 2088 642 2154 glandis.

127 2166 176 2233 Ipsi
185 2182 230 2233 per
238 2167 327 2216 medias
337 2169 408 2226 acies,
418 2169 549 2233 insignibus
559 2169 614 2227 alis,

87 2250 197 2312 lngentes
207 2247 299 2295 animos
309 2259 408 2312 angusto
418 2247 443 2296 in
451 2260 544 2312 pectore
555 2258 663 2294 versent:

87 2327 170 2390 Usque
179 2325 240 2379 oded
248 2325 330 2395 obnixi
339 2342 388 2374 non
397 2327 490 2383 cedere,
500 2326 558 2374 diun
569 2326 645 2390 gravis
656 2335 696 2372 aut
705 2321 761 2381 hos,

87 2403 138 2452 Ant
147 2402 205 2463 bos,
215 2414 283 2452 versa
292 2402 349 2469 fuga
358 2405 433 2453 victor
442 2406 497 2454 dare
507 2417 570 2469 terga
580 2404 682 2469 subegit.
763 2430 766 2435 =

88 2483 120 2530 lli
130 2494 211 2532 motus
221 2484 365 2545 animorum,
375 2496 445 2548 etque
454 2482 504 2532 haec
511 2484 637 2533 certamina
648 2493 712 2531 tants

29 2550 37 2561 ⁸
88 2561 196 2610 Pulveris
205 2561 283 2628 exigui
292 2560 356 2627 jectu
365 2578 496 2628 compressa
506 2563 632 2628 qrrieseent.

128 2644 221 2695 veram
230 2640 272 2690 uhi
282 2640 390 2691 ductores
399 2642 447 2690 noie
457 2643 601 2692 revocaveris
611 2640 705 2699 ambos,

87 2719 196 2768 Deterior
204 2721 248 2785 qni
258 2720 335 2780 visus,
345 2738 413 2779 eum,
423 2738 452 2770 nc
462 2722 574 2788 prodigus
584 2720 658 2776 obsit,

89 2796 153 2844 Me
162 2802 215 2849 neci
226 2820 232 2848 r
243 2800 327 2849 melior
336 2803 411 2860 raeiri
420 2800 469 2848 sine
478 2813 560 2866 regnet
569 2800 594 2848 in
605 2798 664 2846 aula.

87 2875 155 2927 Alter
164 2879 209 2928 erit
217 2867 317 2929 mamlu
327 2897 384 2929 euro
393 2880 555 2945 squalentibus
565 2878 648 2927 erderrs

88 2974 115 3009 v.
131 2972 176 3027 91.
684 2955 701 3006 8
