1974 3772
370 282 497 334 ffirtms.
519 287 585 337 cru
606 290 668 335 xri.
835 282 888 340 -381

151 383 281 450 Imperium
289 380 392 431 solemne
402 400 467 431 socer
477 402 483 430 ι
493 381 552 432 mihi
562 385 650 432 moenin
659 384 743 434 Teucri

150 463 314 520 Constituent,
324 461 426 527 urbique
436 462 502 510 dabit
512 463 609 511 Lavinia
620 480 713 512 nomen.

129 589 137 597 ,
189 543 228 592 Sic
236 541 302 606 prior
311 545 396 588 AEneas
408 560 414 587 :
425 543 531 605 sequitur
536 542 573 590 cic
581 542 666 592 deinde
676 544 783 601 Latinus,

150 606 286 686 Sitspiciens
296 621 396 679 coelum,
407 620 528 685 tenditque
538 621 568 669 ad
576 621 650 669 sideru
660 622 766 670 dextram
776 641 782 669 :

149 706 207 750 Haec
216 700 311 758 eadem,
321 703 407 759 AEnea,
417 711 515 757 terram,
525 715 601 759 mere,
612 701 697 760 sidera,
708 699 770 765 juro,

150 784 294 843 Latonaeque
303 795 377 842 genus
388 778 488 843 duplex,
498 784 511 826 J
513 795 632 844 anumque
641 777 782 840 bifrontem,

148 859 254 924 Vimque
265 859 341 905 Debui
352 856 480 916 insemnm,
491 869 514 906 et
523 857 577 906 duri
587 859 685 907 sacraria
696 859 763 908 Ditis.

150 937 238 987 Audiat
247 935 297 986 haec
307 938 419 998 Genitor,
429 937 471 1002 qui
483 935 571 986 foedera
581 936 681 986 fulmine
690 939 771 988 sancit.

149 1021 231 1083 Tango
242 1033 305 1075 arus,
315 1017 452 1080 mediosque
462 1017 539 1082 ignee,
549 1029 572 1066 et
586 1017 683 1066 numina
690 1029 778 1067 testor:

150 1097 221 1146 Nulla
231 1096 280 1144 dies
290 1112 372 1161 pacem
381 1094 443 1143 hunc
453 1096 517 1143 ltnlis
527 1112 570 1144 nec
582 1095 670 1143 foedera
680 1109 787 1160 rumpet,
829 1156 833 1161 ἢ

152 1177 208 1241 Qub
218 1191 254 1224 rec
263 1188 365 1238 cumque
376 1174 472 1233 cadent,
484 1190 573 1221 neema
583 1175 678 1222 visulla
688 1176 808 1224 volentem

150 1255 261 1313 'Avertet3
273 1270 334 1311 non,
344 1254 364 1300 si
374 1253 483 1301 tellurem
492 1253 597 1302 effundat
606 1253 631 1301 in
641 1253 718 1302 undas

151 1333 247 1382 Diluvio
256 1333 365 1391 miscens,
373 1333 489 1382 coelumve
499 1332 525 1380 in
532 1337 628 1381 Tartara
638 1334 715 1381 solvat
725 1351 731 1380 z

150 1416 185 1463 Ut
194 1424 313 1478 sceptrum
322 1410 368 1462 hoc
378 1412 473 1477 (dextri
483 1425 602 1478 sceptrum
611 1427 667 1462 nam
677 1411 736 1461 sorte
746 1413 855 1479 gerebat)
917 1406 920 1411 ’

151 1493 280 1556 Nunquam
290 1489 372 1540 fronde
382 1492 429 1540 levi
439 1490 522 1541 fundet
531 1492 632 1558 virgulta
642 1508 719 1558 neque
729 1493 837 1548 umbrat,

149 1573 214 1626 ¹Clrm
223 1572 294 1619 semel
303 1567 330 1621 in
339 1571 404 1619 silvis
414 1572 461 1619 imo
472 1572 501 1620 de
510 1572 582 1637 stirpe
592 1571 693 1620 recistun

150 1654 226 1701 Matre
235 1661 309 1709 caret,
319 1651 446 1715 posuitque
456 1667 533 1699 comas
544 1662 566 1699 et
575 1649 671 1698 brachia
682 1648 756 1714 serto,

150 1730 214 1778 Olim
225 1729 307 1787 arboe,
317 1746 381 1777 nunc
391 1726 484 1778 artificis
493 1746 578 1778 manus
587 1745 632 1778 aere
642 1730 725 1778 decoro

150 1807 261 1867 Inclusit,
271 1808 425 1873 patribusque
434 1809 499 1858 dedit
509 1821 597 1875 gestare
606 1809 702 1858 Latinis.

189 1887 287 1934 Talibus
297 1887 357 1934 inter
367 1903 391 1935 se
400 1884 526 1937 firmabant
532 1887 625 1937 ‚foedua
635 1889 715 1947 dictis,

149 1968 284 2028 Conspectu
295 1965 319 2012 in
329 1955 407 2014 medio
417 1982 547 2031 procerum.
557 1970 621 2019 Tum
631 1968 675 2016 rite
684 1979 783 2017 sacratas

150 2049 179 2092 ln
190 2043 309 2092 flammam
319 2042 428 2112 jugulant
436 2047 551 2112 pecudes,
561 2059 585 2096 et
594 2048 682 2096 viscera
692 2047 752 2096 vivis

151 2124 274 2188 Eripiunt,
284 2126 453 2192 cumulantque
462 2127 564 2176 oneratis
571 2127 680 2176 lancibus
690 2144 756 2177 aras.-

190 2203 223 2250 At
230 2205 286 2251 verb
297 2205 391 2252 Rutulis
401 2205 477 2270 impar
486 2219 513 2253 eu
523 2223 603 2271 pugna
613 2206 687 2254 videri
697 2202 698 2207 ¹
737 2249 740 2256 .

150 2281 309 2340 Jamdudnm,
319 2295 342 2330 et
352 2284 417 2330 vario
427 2283 518 2333 misceri
528 2296 623 2348 pectora
631 2295 699 2333 motu
710 2303 717 2331 ε

150 2363 212 2409 Τὺιιι
222 2363 308 2427 magis,
317 2373 345 2410 ut
354 2363 453 2427 propitia
463 2374 574 2421 cernunt,
585 2380 634 2411 non
644 2362 734 2411 viribus
744 2367 823 2431 aequit.

152 2438 256 2504 Adiuvat
266 2441 358 2490 incessu
367 2442 438 2490 tacito
447 2459 596 2509 progressus,
606 2455 629 2491 et
638 2459 700 2491 aram

104 2560 111 2569 .
151 2520 292 2585 Suppliciter
301 2538 415 2570 venerans
425 2522 524 2571 demisso
533 2522 623 2585 lumine
631 2527 739 2579 Turnus,

104 2630 105 2635 =
151 2599 312 2663 Tabentesque
321 2617 397 2666 gente,
408 2615 431 2650 et
440 2601 539 2666 juvenili
548 2602 573 2650 in
583 2617 680 2666 corpore
690 2602 772 2665 pallor.

151 2681 231 2741 Quem
241 2680 312 2728 simul
321 2697 348 2728 ac
357 2686 370 2728 J
372 2692 459 2730 uturna
469 2699 535 2731 soror
544 2683 687 2730 crebrescere
697 2680 757 2729 vidit

110 2766 115 2775 “
150 2760 287 2807 Sermonem
293 2795 300 2819 ,
310 2772 334 2808 et
344 2760 408 2824 vulgi
419 2761 508 2809 variare
517 2761 621 2809 labantia
631 2759 716 2820 corda,

151 2841 179 2884 ln
188 2837 277 2885 medias
287 2840 359 2898 acies,
370 2839 470 2909 sormam
480 2841 603 2888 assimilata
615 2839 729 2894 Camerti,

150 2916 195 2964 Cui
205 2932 280 2980 genus
290 2919 302 2964 t
312 2920 406 2984 proavis
416 2919 510 2986 ingens,
520 2920 657 2985 clarumque
665 2925 770 2984 paterna

151 3013 176 3046 v.
194 2995 255 3048 225.
