1974 3772
141 252 209 303 ,386
367 249 497 299 PUBLll
516 249 690 299 VIRGILII

154 351 295 418 Fulgentem
304 348 373 415 tingit
382 347 477 414 jugulo,
488 359 557 413 atque
567 344 618 396 hec
626 347 724 414 insuper
733 348 804 401 addit
814 370 821 401 ε

154 436 204 489 Fm,
215 446 294 496 agros,
304 441 327 477 et
335 445 407 493 quam
416 428 492 485 bello,
502 425 616 490 Troiane,
626 428 719 492 petisti,

155 495 292 575 Hesperiam
301 509 382 557 metire
392 506 469 572 jacens
481 524 486 554 t
497 503 548 555 hac
557 506 667 572 premia,
676 509 720 572 qai
730 525 770 557 me

154 592 226 639 Ferro
236 589 287 650 ausi
297 600 398 646 tentare,
408 585 488 636 senmt
498 605 505 647 3
515 586 548 635 air
557 586 644 634 moenia
654 587 770 636 condunt

194 669 255 719 Huic
264 667 374 717 comitem
384 666 504 724 Asbuten‚
514 664 618 732 conjecta
627 666 738 730 cuspide,
748 668 840 730 mittin

153 746 313 812 Chloreaque,
323 747 492 812 Sybarimque,
504 749 644 810 Daretaque,
654 742 899 815 Thersilochumque,

154 829 185 875 Et
194 826 303 874 sternacis
311 825 366 890 equi
376 827 469 890 lapsum
479 825 568 873 cervice
575 822 735 890 'l'hymoetem

156 905 188 954 Ac
199 905 265 953 velut
274 904 352 953 Edoni
363 908 440 952 Boreae
450 905 506 952 cum
516 905 613 969 spiritus
623 903 670 952 alto

99 999 103 1003 ·
154 989 250 1032 Insonat
260 987 351 1048 AEgaeo,
362 984 514 1048 sequiturque
525 983 553 1031 ad
564 983 643 1032 littora
653 980 755 1042 llucms,

155 1065 210 1126 Qud
220 1064 285 1112 venti
294 1063 435 1124 incubuere5
447 1061 528 1128 sugam
536 1062 594 1110 dant
603 1062 685 1110 nubila
693 1064 756 1110 coelo
763 1082 775 1112 ·:

154 1143 191 1192 Sic
201 1146 293 1200 Turno,
303 1144 446 1207 quacunque
455 1143 521 1190 viam·
527 1153 588 1190 secat
594 1176 602 1198 ,Α
612 1142 705 1206 agmina
715 1142 824 1204 cedunt,

153 1224 326 1286 Conversaeque
336 1234 410 1270 ruunt
418 1222 477 1270 acies
487 1239 493 1268 :
506 1219 549 1268 sert
559 1221 662 1285 impetus
670 1220 765 1284 ipsum,

154 1303 185 1348 Et
195 1302 288 1349 cristam
298 1300 395 1349 adverso
405 1317 476 1349 curru
485 1300 563 1364 quatit
571 1316 627 1347 aura
638 1299 767 1348 volantem.

154 1383 207 1430 Non
218 1380 272 1427 tulit
282 1379 408 1428 instantem
417 1377 522 1446 Phegous
532 1378 663 1442 animisque
673 1375 829 1437 frementem,

154 1457 247 1521 Objecit
257 1474 304 1506 sese
315 1459 345 1508 ad
354 1475 463 1517 currum,
473 1471 497 1507 et
506 1459 639 1524 spumantia
651 1455 723 1507 frenis

154 1540 201 1586 Ora
212 1538 336 1586 citatorum
344 1538 426 1587 dexul
436 1539 532 1586 detorsit
542 1553 663 1602 equorum

154 1617 219 1664 Dum
229 1614 342 1674 trahitur,
352 1618 486 1685 pendetque
496 1615 569 1682 jugis,
579 1615 701 1664 hanelare
711 1628 826 1667 retectam

155 1699 244 1743 Lancea
252 1697 416 1760 consequitur,
425 1698 562 1761 rumpitque
571 1693 643 1743 infixa
652 1695 748 1744 bilicem

155 1774 274 1832 tonsam,
284 1788 308 1824 et
315 1792 434 1824 summum
446 1777 552 1842 degustat
561 1776 659 1823 vulnere
669 1792 763 1840 corpus.

155 1855 196 1901 Ille
206 1866 284 1902 tamen
295 1855 378 1922 clypeo
388 1853 480 1918 objecto
490 1871 615 1904 conversus
625 1855 651 1902 in
660 1852 764 1904 hostem·

63 1972 65 1979 ,
154 1933 219 1993 Ibat,
230 1945 253 1981 et
262 1935 376 1982 auxilium
386 1935 457 1984 ducto
466 1951 577 1985 mucrone
588 1934 683 1998 petebat
695 1953 701 1980 :

153 2013 215 2059 Cinn
225 2024 275 2058 rota
285 2013 441 2076 precipitem,
452 2026 476 2061 et
482 2031 598 2079 procursu
607 2015 713 2062 consitus
724 2016 773 2062 axis

152 2091 263 2152 Impulit,
274 2090 402 2155 effitditque
413 2093 476 2152 solo,
486 2097 629 2156 Turnusque
639 2106 746 2150 secuttrs,

154 2173 228 2217 lmam
237 2169 297 2216 inter
307 2172 396 2234 galeam
406 2172 492 2219 summi
502 2170 603 2220 thoracis
613 2184 636 2220 et
645 2189 712 2231 oras,

153 2248 258 2296 Abstulit
268 2265 322 2297 ense
330 2263 413 2315 caput,
423 2262 580 2316 truncumque
590 2251 686 2316 reliquit
696 2268 781 2302 arenae.

192 2328 271 2392 Atque
282 2345 308 2376 ea
319 2329 377 2377 ditm
386 2332 473 2393 campis
484 2331 558 2379 victor
567 2330 607 2379 dat
617 2331 700 2380 funera
711 2336 821 2391 Turnus,

153 2409 243 2454 Intered
253 2412 343 2456 AEncan
352 2408 500 2467 Mnestheus,
511 2407 605 2458 etiidus
615 2408 723 2470 Achates¹

152 2486 313 2551 Ascaniusque
323 2504 412 2546 coines,
423 2489 503 2536 castris
511 2492 612 2538 statuere
622 2503 762 2549 cruentum,

152 2566 261 2614 Alternus
271 2567 341 2632 longai
350 2569 463 2615 nitentem
473 2569 569 2633 cuspide
577 2586 674 2634 gressus.

152 2646 235 2703 savit,
246 2657 269 2693 et
277 2644 374 2694 infractd
381 2647 484 2696 luctatur
493 2648 607 2696 arundine
617 2649 693 2697 telum

153 2725 261 2788 Eripere,
271 2726 405 2790 auxilioque
415 2727 491 2784 triam,
500 2744 556 2792 quae
564 2729 683 2793 proxima,
695 2729 786 2792 poscit:

152 2805 214 2850 Ense
224 2816 301 2853 secent
311 2806 357 2853 lato
368 2807 468 2864 vulnus,
480 2808 565 2874 telique
575 2808 687 2856 latebram

152 2882 294 2931 Rescindtnt
303 2885 409 2950 penitus,
419 2903 515 2952 seseque
524 2887 549 2936 ia
557 2887 617 2936 bella
626 2886 754 2936 remittant.

153 2978 178 3012 v.
196 2965 258 3029 390.
611 2963 616 2970 '

19 3358 257 3583 x„
