1974 3772
150 229 203 282 361
358 224 491 277 PUBLII
509 184 696 278 VIRGILss'

148 335 251 396 Jamque
259 327 318 378 ideo
327 327 447 379 Rutilum
455 323 551 375 thoraca
560 324 659 375 indutus
666 322 754 377 ahenis

149 409 267 458 Horrebat
276 407 392 473 squamis,
402 421 516 470 auresque
525 404 650 455 incluserat
660 423 734 465 aare,

148 492 267 554 Tempora
276 487 355 537 nudus
364 483 455 547 adhuc3
466 485 580 550 laterique
589 484 722 536 accinxerat
731 503 831 552 ensem

150 567 313 634 Fulgebatque
323 566 370 615 alst
379 565 505 615 decurrens
515 581 600 615 eruens
610 581 677 627 ωας
770 564 777 575 “

150 647 304 711 Exsultetque
314 642 411 704 ωἰιιιίε,
422 657 447 694 et
454 660 496 710 spe
505 643 553 708 jam
563 644 671 710 proeoipit
680 642 791 696 hostem:

152 726 247 789 Qualis,
258 724 299 773 ubi
310 723 418 788 abruptis
428 722 489 789 fugit
498 724 612 790 presepia
620 724 707 797 vincliq

149 803 256 854 Tandem
265 803 326 852 liber
335 819 424 868 quus,
434 819 565 868 campoque
574 802 665 869 potitus
675 815 775 869 spemn

149 885 200 932 Aut
210 882 249 930 ille
260 883 284 929 in
294 894 376 947 pastris
385 894 538 947 armentaque
547 882 623 932 tendit
633 897 767 947 mrum,

149 963 201 1010 Aut
210 973 316 1009 muetos
326 977 393 1025 aquae
403 959 515 1026 perfundi
525 961 624 1010 flumine
632 974 691 1012 noto
729 962 732 966 ’

150 1039 254 1098 Emicat,
265 1040 406 1105 arrectisque
415 1038 493 1090 fremit
503 1040 633 1090 eervicffius
643 1043 692 1090 aleis
760 1044 764 1049 ’

151 1119 296 1178 Luxuriam,
306 1119 441 1184 ludentque
450 1118 513 1183 jubas
522 1135 566 1184 per
575 1120 648 1178 eolla,
656 1135 703 1184 por
712 1136 797 1170 annos

150 1199 228 1247 Obvia
238 1199 289 1256 eui,
300 1200 441 1250 Volscorum
451 1200 498 1248 ec'is
507 1198 633 1248 comitante
640 1235 647 1256 ,
655 1200 764 1251 Camilla.

151 1279 271 1335 Occurrit,
281 1264 402 1344 poitisque
412 1279 443 1327 sb
452 1295 515 1343 equo
524 1278 604 1344 regina
611 1277 658 1326 tub
667 1278 729 1343 ipsis

152 1356 265 1417 Desiluit;
275 1373 349 1421 quam
358 1369 407 1406 tota
415 1355 501 1406 cohors
510 1357 601 1406 ίωίῑιω
608 1356 696 1406 relictis

152 1435 190 1484 Aa
200 1447 286 1484 terram
296 1433 395 1486 defluxit
403 1436 477 1501 aquis
486 1438 550 1484 Tium
559 1435 614 1484 solia
624 1436 690 1484 fatear
700 1454 706 1484 ι

150 1518 243 1572 Turne,
254 1516 290 1564 sui
300 1514 385 1564 merito
394 1515 414 1563 si
423 1532 471 1581 qua
481 1527 516 1564 est
526 1512 611 1564 fiducia
621 1514 691 1573 sorti,

152 1593 248 1653 Audeo,
259 1605 282 1642 et
292 1595 425 1643 AEneadem
434 1595 547 1659 promitto
557 1610 679 1642 occurrere
688 1606 791 1654 tumes,

151 1673 253 1736 Solaque
262 1671 399 1739 Tyrrhenos
409 1673 499 1738 equites
509 1674 542 1721 ire
552 1673 623 1721 obvia
633 1684 724 1724 ronne.

151 1755 191 1800 Me
201 1752 250 1800 sine
259 1753 336 1816 prima
346 1769 419 1800 manu
429 1765 519 1802 tentare
527 1752 631 1818 pericula
641 1753 715 1802 belli:

151 1836 189 1879 Tu
199 1832 271 1895 pedes
281 1831 312 1880 ad
321 1849 402 1882 muros
411 1830 525 1891 subsiste,
535 1841 560 1880 et
567 1832 656 1880 moenia
666 1848 742 1880 serva

191 1915 286 1959 Turnus
296 1911 326 1959 ad
336 1910 399 1969 haee,
409 1914 490 1960 oculos
498 1908 616 1961 horrendi
625 1910 652 1959 in
661 1912 754 1977 virgine
764 1909 826 1962 fixus
836 1930 842 1958 :

66 2020 72 2033 .
151 1991 186 2046 Ο,
197 1989 268 2036 deciis
278 1989 363 2047 Italics,
374 1991 453 2056 virgo,
464 2007 523 2056 quas
533 1991 609 2040 diere
618 2001 708 2056 grates,

153 2071 249 2130 Quasve
259 2066 344 2115 referre
354 2068 453 2132 parem?
463 2071 504 2118 sed
513 2087 590 2129 nuno,
602 2081 636 2119 est
645 2070 726 2118 omnia
737 2071 834 2136 quando

152 2150 198 2194 Iste
209 2145 301 2195 animus
310 2163 395 2211 supra,
405 2165 499 2196 meeum
508 2149 717 2214 partirelaborem.

152 2229 250 2284 AEneas,
260 2237 289 2274 ut
297 2227 360 2275 fama
370 2224 442 2276 fidem
451 2229 564 2293 missique
574 2240 696 2294 reportant

152 2306 330 2370 Exploratores,
342 2308 449 2372 equitum
458 2309 520 2357 levia
529 2308 652 2375 improbus
662 2324 727 2356 arma

152 2384 279 2445 Premisit,
290 2398 414 2449 quaterent
423 2404 518 2452 campos
529 2405 535 2435 :
546 2388 609 2452 ipse,
619 2388 694 2436 ardua
703 2390 793 2436 montis

152 2466 196 2512 Per
205 2463 296 2512 deserta
306 2463 362 2528 jugo
372 2481 513 2531 properans,
524 2467 635 2517 adventat
643 2467 673 2516 ad
682 2468 777 2518 urbem.

152 2546 226 2592 Furta
234 2559 292 2608 paro
302 2544 358 2591 belli
368 2561 472 2594 convexo
483 2547 509 2594 in
518 2547 610 2596 tramite
620 2547 698 2605 silves,

154 2625 186 2671 Ut
195 2621 270 2671 bivias
281 2636 369 2673 armato
380 2625 487 2675 obsidam
496 2626 569 2674 milite
579 2626 665 2674 fauees.

150 2705 190 2751 Tu
198 2700 350 2767 Tyrrhenum
360 2704 464 2769 equitem
472 2706 562 2754 collutis
571 2705 651 2769 excipe
658 2703 747 2770 signie3

152 2785 241 2830 Tecum
251 2799 303 2831 acer
311 2787 432 2849 Messapus
443 2785 498 2843 erit,
509 2797 640 2848 uumuque
650 2780 754 2841 Latinos}

152 2859 299 2926 Tfflurnique
309 2880 395 2912 nutius
406 2883 411 2911 :
423 2864 488 2914 ducis
498 2877 521 2914 et
531 2877 557 2914 tu
567 2863 664 2929 concipe
674 2880 763 2912 euram.

154 2958 178 2988 v.
197 2956 212 2990 :›
219 2960 227 2989 ι
235 2958 261 3010 9.
