1974 3772
305 220 430 273 suuis
459 223 527 270 ms.
549 225 612 271 xrs
725 195 727 198 Α
791 224 842 274 sse

98 329 149 374 Hoc
157 333 218 382 erat,
229 318 356 382 horretis,
366 322 456 386 inquit,
466 320 532 386 quod
541 301 694 386 sepe'petiti.

71 438 79 450 i
97 403 207 468 Accipio,
218 416 365 467 agnoscoque
375 405 443 449 Deos.
454 405 506 460 Me,
515 417 553 449 me
562 401 622 459 duee
631 399 722 472 serrum¹

54 545 57 548 Ι
96 482 226 547 Corripis,
236 482 251 528 ὀ
262 481 353 538 miseri,
363 496 423 544 quos
433 475 556 545 improbus
566 479 656 528 advena
666 479 730 529 bello

96 563 210 619 runos,
221 559 335 608 invalidas
345 572 373 608 ut
382 575 449 616 aves,
460 572 484 607 et
492 559 571 607 littora
581 571 664 610 vestre

97 642 129 694 Vi
138 641 239 706 populat
249 658 255 686 ι
265 651 330 704 petet
339 639 379 686 ille
388 638 481 705 fugam,
491 638 634 703 penitusque
640 639 760 705 profunde

95 719 155 774 Vela
166 719 249 768 dabitc
260 735 303 766 vos
313 718 420 767 unanimi
430 717 525 766 densete
534 708 651 777 catervas}

97 803 127 850 Et
137 814 216 862 regem
226 798 294 846 vobis
303 799 384 864 pugni
393 795 510 846 defendite
520 807 622 863 raptum

136 877 213 936 Dixit,
224 889 247 925 et
257 877 366 926 adversos
376 878 451 927 telum
460 876 573 926 contorsit
582 876 607 924 in
617 873 695 926 hostes

96 961 238 1006 Proetnrens
249 975 255 1004 ι
266 957 370 1006 sonitum
380 957 421 1006 dat
430 957 528 1005 stridula
537 973 622 1005 comus
629 968 669 1015 ,et
679 972 747 1004 auras

24 1076 27 1083 ,
96 1038 165 1086 Certa
174 1048 252 1084 secat:
263 1036 333 1088 sirnul
344 1034 401 1094 boc,
412 1036 483 1083 simul
493 1036 574 1100 ingens
584 1037 684 1093 clamor,
695 1047 718 1083 st
727 1023 809 1084 omnes

10 1174 12 1179 ,
95 1114 196 1165 Turbati
205 1115 287 1171 cunei,
297 1111 453 1178 calefactaque
462 1113 533 1161 eorda
543 1114 656 1164 tumultu.

118 1248 123 1254 ¹
136 1199 208 1242 Hasta
218 1193 312 1250 volans,
321 1205 350 1241 ut
360 1191 419 1241 sorte
429 1209 515 1240 norem
525 1190 684 1257 pulcherrim
692 1193 792 1240 fratrum
833 1186 836 1190 ’

95 1277 201 1338 Corpora
211 1273 362 1321 constiterant
371 1274 464 1331 centul,
474 1287 534 1336 quos
544 1268 592 1320 fida
601 1273 688 1319 araim

67 1371 76 1387 ¹
96 1355 151 1403 Una
161 1364 196 1401 tot
206 1352 306 1400 Arcadio
316 1349 403 1415 conjux
412 1349 535 1418 Tyrrhena
545 1351 668 1417 Gylipp03

96 1434 190 1480 florum
197 1447 274 1480 unum
283 1431 313 1480 ad
322 1431 441 1489 medium,
451 1431 591 1495 teriturque
601 1430 676 1477 sutilis
687 1430 740 1477 alvo

95 1511 202 1568 Balteus,
212 1523 236 1559 et
244 1511 345 1559 laterum
354 1509 475 1574 juncturis
485 1505 559 1557 fibula
567 1508 671 1566 mordet,

27 1654 29 1659 Ι
96 1591 223 1657 Egregium
233 1589 308 1640 sormi
318 1589 429 1654 juvenem
440 1601 463 1638 et
470 1589 615 1654 fulgentibus
624 1587 709 1645 armis,

94 1669 244 1735 'l‘ransadigit
253 1683 341 1727 costas,
351 1668 464 1734 fulvique
475 1668 575 1717 effundit
585 1664 660 1717 oreniss

96 1748 129 1797 At
139 1745 235 1808 fratres,
245 1749 349 1797 animosa
359 1747 475 1813 phalanx,
484 1764 625 1812 accensaque
635 1748 715 1806 luctu,

74 1863 78 1871 .
95 1830 152 1876 Pars
162 1828 252 1892 gladios
262 1828 380 1893 stringunt
390 1828 512 1885 manibus,
522 1844 577 1892 pars
586 1827 673 1876 missile
683 1824 772 1876 serrum

86 1897 246 1971 'Corripiunn
256 1906 357 1971 caseique
368 1918 454 1955 ruunt:
462 1923 523 1972 quos
537 1908 630 1973 agmina
639 1918 728 1954 contra*

95 1990 242 2035 Procurrunt
252 1990 412 2058 laurentum:
423 1985 480 2035 hinc
489 1987 555 2036 densi
565 1988 646 2035 rursirs
656 1985 775 2036 inundant

94 2069 181 2124 Troes,
191 2065 357 2132 Agyllinique,
368 2077 391 2114 et
400 2067 468 2132 pictis
478 2067 667 2116 Arcadesarmis.

95 2145 134 2195 Sic
143 2161 224 2193 omnes
235 2162 301 2193 amor
310 2163 373 2194 unus
380 2144 452 2195 babet
462 2147 585 2195 decernere
595 2145 665 2194 ferro:
733 2140 741 2161 ¹

96 2225 220 2289 Diripuere
231 2241 281 2272 aras
292 2225 326 2272 :it
336 2236 386 2272 toto
396 2226 491 2272 turbida
501 2226 561 2272 coelo

94 2307 231 2368 Tempestas
241 2304 355 2362 telorum,
366 2320 392 2351 ae
402 2302 490 2351 ferreus
500 2303 589 2368 ingruit
598 2302 674 2350 imber
685 2319 691 2350 t

95 2385 248 2448 craterasque
259 2382 370 2447 focosque
379 2381 464 2432 serunt
475 2379 546 2446 Fugit
556 2383 605 2447 ipse
616 2381 727 2438 Latinus,

95 2461 203 2510 Pulsatae
211 2462 311 2512 referens
322 2462 408 2511 infecto
420 2461 508 2511 foedere
520 2461 599 2510 Divos.

97 2538 218 2588 infrenant
228 2541 267 2589 alii
277 2558 372 2601 currus,
382 2555 424 2590 aut
433 2559 531 2607 corpora
541 2542 603 2612 saltu

96 2617 229 2682 subjiciunt
238 2621 263 2668 in
273 2615 359 2685 equos,
370 2633 394 2670 et
402 2623 485 2671 strictis
496 2620 591 2669 ensibus
601 2619 693 2667 adsunt.

135 2701 256 2764 Messapus
267 2716 357 2764 regern,
366 2701 473 2767 regisque
483 2701 572 2765 insigne
583 2709 714 2763 gerentem,

94 2775 248 2842 'Tyrrhenum
257 2778 383 2838 sulcen,
394 2781 477 2829 avidus
486 2779 629 2828 confundere
642 2777 720 2827 soedus
725 2811 733 2835 ,

95 2855 203 2906 Adverso
213 2871 328 2924 proterret
336 2868 398 2927 eq'uo
410 2878 416 2907 ε
426 2861 474 2910 ruit
483 2860 522 2908 ille
532 2858 655 2916 recedens,

97 2953 123 2988 r.
141 2952 207 3004 ²9¹·
