1974 3772
190 263 241 324 25'3
390 268 520 314 aunan
541 259 712 318 virorum

189 368 319 417 Submovet
329 367 432 423 Oceano,
443 378 466 414 et
475 367 494 413 si
504 381 576 430 quem
586 377 678 414 extenta
688 365 810 430 plagrunm

190 451 310 511 Quattuor
319 445 344 492 in
354 444 432 493 medio
442 444 531 493 dirimit
540 445 608 510 plaga
619 445 673 492 solis
682 445 763 510 iniqui.

190 525 285 574 Diluvio
295 541 323 573 ex
333 525 373 573 illo
382 536 418 573 tot
427 536 491 573 rasta
501 541 544 588 per
553 541 648 589 aequora
658 524 731 581 vecti,

165 621 172 634 ·
190 605 231 652 Dis
241 603 320 652 sedem
330 604 438 670 exiguam
448 604 529 668 patriis
538 604 652 669 littusque
661 619 773 668 rogamus

189 687 335 740 lnnocuum,
345 694 369 732 et
378 683 468 732 cunctis
478 683 614 747 undamque
625 699 752 747 auramque
762 695 889 748 patentem.

189 765 243 811 Non
253 763 340 810 crimus
349 776 422 828 regno
430 761 563 822 indecores;
574 779 617 810 nec
626 773 703 811 vestra
713 762 802 811 scrctnr

190 843 262 889 Fama
271 841 342 901 levis,
352 842 458 906 mutique
469 841 584 889 abolescet
594 841 666 908 gratia
676 843 745 901 facti;

189 925 237 968 Nec
246 918 341 983 Troiam
351 920 469 969 Ausonios
479 921 567 984 gretauo
578 921 692 985 excepisse
704 921 800 988 pigebit.

190 1001 247 1047 Fata
256 1015 299 1064 per
308 1002 387 1048 AEneae
395 995 461 1062 juro,
471 999 624 1063 dextramque
633 1011 766 1064 potentem,

191 1079 242 1128 Sive
254 1075 312 1136 fide,
322 1093 364 1141 seu
374 1079 427 1142 quis
435 1077 499 1127 bello
507 1090 542 1127 est
551 1089 660 1143 expertus
671 1089 693 1127 et
702 1078 785 1138 armis3

189 1158 259 1205 Multi
268 1173 311 1205 nos
319 1158 416 1222 populi,
426 1159 507 1206 multae
517 1157 562 1223 (nc
571 1169 649 1206 temne
658 1157 723 1222 quod
733 1157 797 1206 ultro

189 1235 337 1287 eraserimus
346 1237 456 1285 manilius
465 1238 537 1286 vittas
545 1254 571 1286 ac
581 1236 653 1284 verba
661 1238 814 1301 precantum)

79 1342 84 1351 ·
188 1320 220 1364 Et
229 1317 317 1380 petiere
326 1315 372 1364 sibi
382 1327 405 1363 et
414 1315 510 1364 voluere
519 1315 645 1381 adjungere
655 1328 742 1382 gentes.

189 1393 235 1443 Sed
244 1411 287 1442 nos
297 1391 344 1443 fata
354 1396 431 1442 Derim
440 1407 529 1444 vestras
539 1395 659 1459 exquirere
670 1406 742 1445 terras

189 1474 295 1539 Imperiis
305 1475 371 1540 egere
380 1474 434 1522 suis.
446 1474 507 1522 Hinc
515 1471 638 1523 Dardanus
647 1485 713 1523 ortus

188 1554 242 1601 nuc
252 1552 336 1618 repetit
347 1571 353 1601 r
364 1551 479 1618 jussisque
489 1553 624 1618 ingenulus
633 1563 701 1620 urget
710 1553 799 1619 Apollo

188 1629 340 1698 Tyrrhenum
349 1632 380 1681 sd
388 1633 492 1692 Tibrim,
502 1646 526 1682 et
536 1633 606 1682 fontis
616 1633 676 1682 rada
686 1650 750 1682 sacra
759 1634 860 1682 Numici.

189 1715 235 1759 Dat
245 1711 289 1759 tibi
297 1715 409 1776 praterea
419 1713 519 1762 fortune
529 1729 603 1779 parra
611 1712 698 1778 prioris

189 1793 299 1849 Munera,
310 1790 429 1856 relliquias
437 1791 509 1855 Troia
518 1808 546 1841 ex
558 1792 651 1842 ardente
660 1808 770 1860 receptas.

188 1873 240 1918 Boc
249 1882 315 1934 pater
325 1869 438 1919 Anchises
449 1888 506 1920 auro
515 1871 606 1921 libabat
615 1871 645 1919 ad
655 1885 705 1919 aras
716 1888 723 1918 t

188 1953 239 1996 Hoc
248 1949 334 1996 Priami
344 1961 462 2014 gestam
472 1962 534 2008 erat,
544 1952 599 2000 cum
608 1947 660 2011 iura
670 1949 759 1996 vocatis

188 2031 253 2076 More
263 2027 329 2075 daret
337 2029 445 2093 populis,
456 2041 633 2098 soeptnrmque,
644 2042 755 2092 sacerque
766 2026 850 2085 tiaras,

187 2106 335 2170 Iliadumque
345 2107 411 2156 labor
421 2120 503 2156 restes.

226 2185 324 2235 Talibus
334 2185 417 2236 llionei
426 2187 506 2246 dictis,
515 2183 591 2235 defixa
600 2187 697 2236 Latinus

188 2265 282 2314 Obtutu
292 2278 356 2315 tenet
364 2283 417 2326 ora,
427 2268 525 2331 soloque
535 2267 663 2316 immobilis
670 2264 756 2324 baeret,

189 2350 293 2393 Intentos
303 2346 401 2394 volvens
411 2348 505 2408 oculos;
516 2362 559 2396 nec
568 2361 674 2412 purpura
683 2359 760 2411 regem

188 2423 251 2472 Picta
260 2437 352 2482 movet,
362 2441 405 2472 nec
415 2439 504 2492 sceptra
514 2438 611 2475 movent
621 2409 734 2473 Priameia
743 2426 849 2482 tantam,

189 2504 312 2566 Quantum
322 2504 347 2552 in
357 2505 477 2552 connubio
487 2517 547 2553 uate
557 2503 707 2568 thalamoque
717 2513 823 2552 moratur
834 2537 841 2565 ,

187 2583 218 2630 Et
229 2583 313 2630 veteris
323 2584 399 2631 Fauni
407 2583 483 2633 volvit
492 2585 538 2633 suh
547 2596 641 2649 pectore
649 2594 744 2632 sortem.

188 2664 257 2710 Hunc
267 2661 336 2710 illum
345 2659 398 2710 fatis
407 2666 502 2712 externa
511 2665 542 2711 ab
549 2664 603 2713 sede
613 2661 744 2729 profectum

187 2741 297 2789 Portendi
305 2724 431 2808 gdncrum,
441 2743 585 2809 paribusque
594 2742 620 2790 in
629 2758 701 2808 regna
710 2742 798 2794 vocarix

187 2818 304 2884 Auspiciis
315 2838 321 2867 ε
331 2818 388 2870 hino
396 2822 533 2888 progeniem
543 2824 630 2872 virtute
639 2820 745 2870 futuram

187 2899 322 2963 Egregiam,
332 2912 356 2949 et
364 2911 441 2951 totum
451 2917 505 2968 pm
514 2901 606 2952 viribus
615 2912 714 2966 occupet
723 2899 813 2948 orbern.

120 3026 123 3035 ,
187 2995 212 3028 v.
232 2976 294 3029 258.

107 3236 112 3247 Ι
339 3236 343 3243 ι

109 3264 121 3280 b
165 3280 176 3295 N

294 3506 302 3537 i

279 3542 310 3553 ...k
