1974 3772
356 235 482 285 nuris.
504 236 571 284 mn.
593 237 624 284 n
808 235 861 299 stt

124 332 155 383 lt
166 335 270 383 Lousum
279 333 335 382 socii
345 334 475 393 exanimem
484 350 556 399 super
565 350 630 384 arma
640 332 746 391 serebant

123 414 229 471 Flentes,
240 414 370 478 ingentem,
382 426 452 477 ntqno
462 414 551 479 ingenti
560 414 658 463 vulnere
668 415 766 464 victum.

123 493 228 558 Agnovit
237 493 306 557 longe
316 493 430 557 gemitum
438 509 541 558 presaga
550 493 606 557 mali
616 509 697 553 mens3

121 571 240 619 Canitiem
249 571 373 620 immundo
382 571 497 619 deformat
505 572 616 636 pulvere,
626 585 650 621 et
663 572 745 621 aurbus

123 651 162 698 Ad
171 651 258 698 coelum
268 650 343 699 tendit
349 651 453 716 palmas,
463 663 486 699 et
496 667 592 715 corpore
602 650 702 705 inhaeret
713 670 719 699 t
879 685 885 710 ,

122 733 228 777 Tunttme
237 745 275 777 me
285 729 362 778 tenuit
367 729 480 789 vivendi,
490 742 556 786 nate,
566 730 689 794 voluptas,
734 719 737 724 ’

123 811 157 856 Ut
166 825 210 873 pro
219 825 258 860 me
267 807 347 856 hostili
356 822 448 874 paterer
458 809 580 858 succedere
590 810 676 858 dextrae

124 891 202 951 Quem
211 887 299 952 genui?
310 899 380 937 tuane
390 886 441 936 haee'
450 888 541 953 genitor
550 905 593 953 per
602 889 701 939 vulnera
711 904 803 948 servor,

122 970 198 1015 Morte
207 968 248 1014 tut
258 965 357 1015 vivens?
368 965 429 1016 heu!
440 984 504 1015 nunc
513 968 598 1015 misero
608 965 668 1015 mihi
678 969 775 1017 demum

120 1045 225 1093 Exilium
235 1045 328 1107 infelix,
338 1063 402 1094 nunc
411 1047 457 1093 ulte
467 1046 554 1094 vulnus
564 1046 693 1094 edoctuml·

122 1125 188 1172 Idem
197 1140 253 1189 ego,
264 1137 330 1182 nate,
340 1136 411 1171 tuum
419 1124 536 1172 maculavi
545 1123 642 1172 crimine
652 1140 753 1182 nomen,

122 1205 206 1251 Pulsus
215 1203 247 1251 ob
256 1202 370 1250 invidiam
380 1203 438 1251 solio
448 1203 590 1268 sceptrisque
599 1203 708 1268 paternis.

119 1271 256 1332 Debueram
265 1282 346 1346 patn'oe
355 1297 437 1348 poenas
445 1282 553 1347 odiisque
563 1300 671 1332 meorum
682 1301 688 1330 :
736 1302 737 1306 ¹

121 1365 210 1409 Omnes
219 1377 262 1425 per
270 1372 356 1410 mortes
367 1362 470 1410 unimam
478 1374 570 1410 sontem
580 1362 630 1427 ipse
639 1362 762 1411 dedissem.
827 1417 832 1422 ‚

121 1443 190 1488 Nunc
200 1440 269 1499 vivo,
278 1456 356 1505 neque
365 1438 443 1489 adhuc
452 1438 560 1489 homines
569 1441 693 1505 lucemque
704 1442 811 1508 relinquo
823 1459 829 1488 ε

121 1519 167 1567 Sed
176 1520 290 1583 linquam.
301 1520 377 1580 Simul
386 1516 436 1567 haee
446 1519 538 1578 dicens,
548 1520 633 1569 attollit
646 1521 671 1568 in
681 1515 771 1585 aegnun
841 1557 843 1562 .

121 1599 150 1646 Se
161 1597 250 1657 femur,
262 1609 297 1657 et,
306 1614 444 1662 quanquam
453 1598 491 1648 vis
500 1599 547 1647 alto
557 1600 656 1646 vulnere
665 1599 754 1666 tardat,
776 1638 779 1644 .
831 1634 834 1639 .

121 1676 192 1725 Haud
199 1675 315 1739 dejectus,
326 1693 415 1742 equum
425 1676 478 1726 duci
487 1677 561 1742 jubet.
573 1683 624 1726 Hoc
633 1679 704 1727 decus
714 1677 761 1736 illi,
779 1740 788 1749 ⁸

121 1760 172 1805 Hoc
182 1756 285 1804 solamen
296 1767 357 1815 erat3
368 1755 436 1804 bellis
445 1754 490 1804 hoc
500 1756 575 1806 victor
583 1757 663 1806 abibat
734 1783 737 1788 ·
856 1753 859 1758 ⁶

121 1835 246 1882 Omnibus.
256 1833 394 1899 Alloquitur
402 1848 553 1896 moerentem,
562 1848 586 1885 et
595 1837 682 1886 talibus
692 1832 745 1885 infit
756 1855 762 1884 :

122 1912 226 1971 Rhoete,
236 1914 278 1963 diu
289 1915 339 1979 (res
349 1916 368 1963 si
378 1932 425 1980 qut
435 1917 478 1964 diu
486 1916 625 1965 mortalibus
635 1917 684 1964 ulla
693 1915 742 1973 est)

120 1993 240 2046 Viximus:
249 2004 290 2042 aut
298 1991 370 2043 hodie
379 1995 454 2044 victor
464 1996 538 2060 spolia
547 1996 586 2044 illu
596 2007 692 2044 cruenta

122 2076 152 2121 Et
161 2084 233 2137 caput
250 2076 330 2122 AEneae
339 2073 436 2133 referes,
445 2076 561 2139 Lausique
571 2075 682 2123 dolomm

121 2152 191 2198 Ultor
200 2152 245 2199 eris
254 2167 361 2213 mecum3
371 2166 425 2212 out,
433 2154 507 2216 operit
517 2155 537 2200 si
547 2154 612 2201 nulln
622 2153 685 2200 viam
695 2153 744 2211 vis,

89 2248 99 2261 ·
121 2229 252 2278 Oocumbes
261 2229 349 2294 puriter
359 2249 365 2277 ε
376 2247 453 2294 neque
464 2232 539 2287 enim,
551 2231 687 2287 fortissime,
695 2230 777 2288 credo,

121 2314 132 2357 J
136 2324 188 2356 ussa
199 2307 274 2354 aliena
283 2309 333 2372 peti
343 2320 366 2356 et
376 2309 483 2356 dominos
493 2309 618 2374 dignabere
628 2312 737 2356 Teucros.

162 2387 224 2434 Dixit
232 2404 238 2446 3
247 2398 273 2434 et
282 2397 392 2451 exceptus
402 2400 467 2453 tergo
477 2399 587 2435 consueta
597 2388 684 2435 locavit

121 2466 240 2523 Membra,
249 2482 380 2531 manusque
389 2467 469 2514 ambas
479 2465 560 2530 jaculis
570 2468 676 2516 oneravit
686 2467 773 2524 acutis,

121 2550 175 2592 AEre
185 2558 256 2608 caput
265 2546 369 2611 fulgens,
380 2547 494 2610 tristique
504 2545 610 2594 hirsutus
622 2545 715 2609 equini,

121 2625 158 2672 Sic
169 2640 263 2671 cursum
273 2625 298 2672 in
307 2625 397 2673 medios
406 2626 502 2689 rupidus
513 2626 582 2673 dedit.
594 2629 685 2681 AEstuat
696 2624 776 2687 ingens

121 2709 172 2751 lmo
183 2703 207 2749 iu
218 2704 286 2751 corde
296 2704 384 2767 pudor,
392 2705 513 2768 mixtoque
523 2705 613 2752 insania
623 2705 701 2760 luctu,

122 2776 152 2828 Et
162 2782 228 2828 furiis
239 2784 338 2848 agitatus
348 2799 424 2840 amor,
436 2795 458 2831 et
468 2786 559 2831 conscia
569 2784 652 2836 virtus,

121 2861 200 2924 Atque
210 2859 249 2908 hio
258 2865 348 2909 AEnean
357 2864 442 2927 magni
451 2875 486 2910 ter
496 2878 552 2910 voce
563 2861 661 2910 vocavit

122 2957 148 2992 v.
159 2942 226 3010 873.
