1974 3772
140 244 199 317 316'
347 268 479 315 noran
498 268 672 320 vracrnu

140 369 186 415 Dat
195 366 265 415 tellus
275 365 401 431 gemitum,
411 377 434 414 et
443 365 556 432 elypeum
564 381 636 432 super
644 366 852 438 intonatingans:

140 446 225 510 Qualia
235 446 260 495 in
271 445 377 494 Euboico
386 445 496 493 Baiarum
504 445 583 495 littore
590 445 714 511 qnondam

139 527 212 574 saxea
222 525 270 590 pila
278 525 353 584 cadit,
361 525 452 590 magnii
462 540 536 588 quam
544 524 648 574 molibus
658 528 713 575 ante

138 607 304 654 constructam
313 602 402 668 jaciunt
411 615 486 668 ponto
495 622 501 651 a
512 605 545 652 aie
554 604 595 652 illa
603 605 699 654 minam

139 687 216 733 Prona
227 679 311 742 trahit,
320 683 464 749 penitirsque
474 683 541 731 vadis
551 684 610 731 illita
619 682 738 733 necunrbit
749 705 756 734 t

138 763 238 812 Miscent
247 777 271 809 ae
280 761 365 819 maria,
374 774 397 810 et
405 762 477 828 nigrai
486 762 628 811 attolluntur
634 779 723 822 arenam

137 844 202 913 'Tum
211 839 291 889 sonitu
301 838 418 908 Prochyta
429 842 475 889 alta
485 842 723 908 tremit,'durumqne
732 845 815 894 cubile

74 946 77 950 ·
138 919 240 970 Inarime
250 921 316 968 tovia
325 920 430 986 imperiis
439 921 540 984 imposta
547 918 665 987 Typhoeo.

179 999 223 1048 nte
233 1003 296 1048 Mate
306 1000 449 1064 armipotens
459 999 567 1048 animum
576 1000 684 1063 vireaque
694 1001 788 1050 Latinis

139 1077 250 1136 Addidit,
260 1090 285 1126 et
294 1079 401 1127 stimulos
411 1093 474 1127 acres
483 1078 529 1126 sub
538 1083 633 1142 pectore
643 1079 727 1140 v'eatit3

140 1158 286 1222 Immisitque
296 1158 377 1224 frigam
385 1156 481 1206 Teucria
491 1162 615 1222 atrumque
625 1156 742 1208 timorem·

139 1237 252 1301 Undique
261 1238 418 1294 conveniunt,
428 1237 541 1302 quoniam
550 1237 605 1286 data
613 1236 682 1303 copia
690 1253 794 1303 pugnae,

139 1317 287 1382 Bellatorque
298 1317 448 1365 animoDeuc
458 1315 546 1364 incidit
669 1314 674 1324 “

178 1395 309 1454 Pandarus,
320 1406 347 1443 ut
357 1393 410 1443 fuso
419 1410 558 1459 germanum
567 1398 664 1459 corpore
674 1394 762 1453 carnit,

138 1477 170 1522 Et
180 1490 228 1538 quo
239 1475 269 1522 ait
278 1474 449 1532 sortuna'lcco,
459 1474 501 1538 qui
511 1491 578 1522 carue
587 1485 640 1539 agat
649 1491 698 1536 rea,

139 1555 234 1601 Portam
245 1553 269 1599 vi
278 1553 354 1601 multi
364 1568 476 1603 converso
486 1552 580 1602 cardine
589 1564 694 1618 torquet,

138 1630 248 1680 Obnixus
257 1631 310 1681 latia
319 1629 437 1690 humeris,
447 1632 582 1696 multosque
589 1632 692 1698 ‘auorum
767 1639 770 1643 '

139 1710 260 1760 Moeuibus
269 1711 375 1760 exclusos
384 1711 445 1760 duro
454 1710 480 1760 in
489 1710 614 1759 certamine
624 1709 713 1776 linquit
722 1728 730 1759 t

140 1787 183 1838 Ast
193 1789 251 1839 alios
262 1805 342 1840 aecum
351 1790 463 1850 includit,
473 1790 602 1856 recipitque
612 1802 721 1850 ruentem

140 1869 255 1917 Demens!
264 1869 307 1934 qui
317 1869 435 1918 Rutulum
444 1869 469 1917 in
478 1869 557 1918 medio
567 1885 616 1917 non
625 1868 719 1934 agmine
728 1882 806 1936 regem

139 1947 232 2000 Viderit
241 1948 424 2012 irrumpentem,
434 1947 545 2014 ultrdque
554 1948 674 1997 incluserit
683 1947 753 2008 urbi,

140 2030 270 2074 immanem
280 2025 354 2074 velu'ti
364 2042 448 2090 pecora
458 2026 520 2075 inter
527 2027 611 2076 inertia
620 2027 705 2092 tigrim.

56 2162 62 2171 Ι
137 2106 260 2155 Continud
270 2120 332 2153 nova
341 2105 383 2152 lux
393 2106 467 2153 oculis
478 2106 578 2165 effulsit,
588 2118 611 2154 et
621 2122 686 2154 arma
727 2111 730 2117 '

139 2184 290 2233 Horrendirm
300 2184 400 2233 tonuere
410 2202 419 2231 :2
428 2195 533 2235 tremum
542 2185 567 2232 in
578 2186 664 2233 vertice
673 2184 751 2233 cristae

138 2263 290 2330 Sanguinem,
300 2263 431 2329 clypeoque
440 2264 550 2313 micantia
560 2263 654 2332 firlgura
664 2263 772 2312 mittunt

131 2342 277 2410 ¹Agnoscunt
287 2340 370 2391 faciem
380 2344 559 2408 invisamatqne
570 2333 681 2391 immania
690 2343 798 2391 membra

136 2421 237 2469 Turbati
247 2422 327 2471 subito
335 2423 451 2471 AEneadae.
462 2424 525 2471 Tirm
535 2422 655 2470 Pandarus
664 2424 748 2489 ingens

139 2500 242 2558 Emicat,
253 2512 288 2558 et,
298 2501 381 2549 mortis
391 2499 497 2550 fraterna>
508 2501 611 2549 ser-vidua
621 2500 668 2560 ira,

139 2578 230 2628 Edatur
241 2598 246 2627 :
258 2583 311 2628 Non
320 2578 371 2629 haec
380 2581 464 2630 dotalia
474 2583 535 2646 regia
546 2580 655 2635 Amatae,

139 2662 186 2707 Nec
194 2654 268 2708 muris
277 2658 373 2708 cohibet
382 2661 463 2724 patriis
472 2660 550 2708 media
558 2660 635 2707 Ardea
644 2662 762 2708 Turnum.

139 2741 220 2787 Caetra
231 2739 324 2788 inimica
334 2738 400 2787 vides
412 2757 418 2786 :
428 2738 495 2789 nulla
504 2738 560 2786 hinc
570 2738 632 2786 exire
640 2748 752 2802 potestas.

139 2817 187 2864 Olli
197 2818 320 2867 subridens
330 2817 409 2866 sedato
419 2829 513 2881 pectore
522 2821 619 2866 turnus
629 2834 635 2864 :

139 2896 261 2961 Incipe,ai
271 2914 318 2963 qua
327 2892 407 2945 auimo
417 2896 505 2955 vir'tus,
515 2910 538 2946 et
548 2912 642 2947 concere
650 2895 774 2962 dextram3

139 2993 165 3028 v.
184 2978 247 3046 741.
