1974 3772
384 261 511 310 nuum
533 263 599 309 nin.
620 265 638 310 t
837 279 879 328 ω,

141 359 291 412 Nutrimeuta
300 357 377 420 dedit,
386 359 511 424 rapuitque
521 361 546 408 in
557 358 637 409 fomite
646 357 774 411 flamm

139 443 205 490 Tbm
214 443 323 488 Cererem
332 450 466 504 surruptum
476 439 546 488 undis
556 439 705 504 Cerealiaque
714 455 777 490 anus

139 519 278 585 Expediunt
288 517 342 567 sessi
351 534 443 578 rerum;
455 515 580 584 frugesque
588 523 691 584 receptas

138 601 171 648 Et
181 611 269 648 torrere
279 610 364 662 parant
373 596 488 654 flammis,
497 608 519 647 et
529 594 633 662 frangere
641 614 703 647 saxo.

160 671 161 674 ¹
179 682 266 725 AEneas
275 677 400 741 scopulum
409 677 496 724 interei
506 676 653 741 compendit,
663 688 686 725 et
695 692 790 731 omnem

139 760 295 821 Prospectum
303 755 350 804 late
358 756 443 820 pelago
452 756 525 821 petit,
535 752 628 819 Anthea
638 756 658 804 si
668 757 715 820 qub

139 840 260 885 lactatum
268 846 341 884 vento
353 835 442 894 videat,
456 831 615 901 Phrygiasque
624 835 738 895 biremes,

139 915 190 964 lut
200 916 298 980 Capyn,
308 924 349 961 aut
359 915 425 963 celsis
435 914 460 961 iu
470 912 665 978 Ρηρρίὴιιειςωε
675 914 745 962 Caici.

139 997 232 1042 Navem
241 994 266 1040 in
274 1004 401 1058 conspectu
410 992 510 1050 nullam,
521 1004 565 1041 tres
574 993 653 1042 littore
662 1009 754 1051 cervus„

139 1071 256 1137 Prospieit
265 1084 367 1120 errantes
378 1089 384 1118 :
394 1069 438 1137 hps
448 1081 497 1120 totu
506 1084 612 1135 armentu
621 1082 754 1135 sequuntur

138 1151 161 1200 A
172 1163 251 1216 tergo,
259 1161 283 1198 et
291 1149 390 1216 longum
398 1167 441 1216 per
451 1151 523 1201 valles
532 1151 636 1215 pascitur
646 1165 737 1215 agmen.

139 1230 252 1279 Constitit
261 1226 313 1286 bie,
324 1246 450 1295 sucumque
460 1246 533 1279 manu
543 1230 674 1295 celeresque
684 1234 778 1298 sagittas

138 1308 273 1372 Corripuit,
284 1302 345 1355 fidus
355 1323 408 1372 quae
418 1306 464 1357 tela
473 1306 568 1373 gerebat
577 1304 692 1368 Achatem
745 1296 749 1303 ’

140 1391 302 1451 Ductoresque
312 1386 375 1451 ipsos
384 1386 502 1453 primbm,
512 1387 588 1452 capita
598 1386 644 1435 alta
654 1385 753 1449 ferentes
825 1435 827 1439 ,

140 1466 258 1514 Cornibm
269 1465 384 1523 arboreis,
394 1466 476 1515 sternit
487 1483 493 1512 :
504 1467 556 1514 tima
566 1465 664 1531 vulgus,
674 1477 698 1513 et
707 1481 802 1528 omnem

139 1546 221 1595 Miscet
231 1559 301 1608 agens
311 1543 362 1594 telis
372 1559 468 1592 nemora
475 1545 535 1592 inter
545 1541 642 1592 frondea
651 1545 753 1601 turbam.

140 1627 187 1674 Nec
196 1623 264 1688 priris
274 1623 364 1671 absistit
369 1659 376 1683 ,
386 1626 459 1687 quim
468 1634 558 1688 septem
567 1623 670 1688 iugentia
679 1623 754 1671 victor

138 1705 246 1768 Corpora
255 1699 340 1751 fundat
348 1699 417 1751 humi
424 1737 431 1760 ,
439 1714 466 1751 et
474 1718 601 1751 numerum
609 1717 666 1750 eum
675 1688 869 1767 navibusmquet.

139 1783 202 1830 Hine
211 1793 309 1846 portum
317 1782 389 1846 petit,
398 1793 422 1830 et
431 1782 505 1830 socios
515 1781 615 1845 partitur
625 1781 650 1829 in
660 1796 749 1829 omnes.

139 1860 202 1914 Vina
211 1861 291 1908 bonus
300 1874 353 1924 qnae
363 1860 448 1910 deiude
457 1860 519 1909 cadis
530 1862 636 1909 onerirst
646 1861 740 1917 Acestes

140 1940 229 1989 littore
237 1940 368 1999 Trinacrio,
378 1939 518 2005 dederatque
529 1939 671 1988 abeuntibus
680 1937 762 1999 heros,

140 2019 244 2078 Dividit,
254 2029 279 2066 et
287 2018 355 2067 dictis
364 2021 486 2069 moerentia
495 2032 590 2084 pectora
599 2020 701 2075 muloet:

140 2102 161 2146 0
171 2097 228 2147 socii
239 2098 329 2162 (neque
341 2097 404 2146 enim
412 2098 488 2164 ignari
497 2115 578 2163 sumus
588 2102 643 2148 ante
651 2099 796 2162 maloruml,

140 2176 234 2242 Opassi
244 2177 350 2243 graviora
360 2194 366 2223 z
378 2177 444 2226 debit
453 2182 515 2226 Deus
525 2175 562 2227 his
572 2194 667 2242 quoque
677 2175 757 2228 finem.

140 2258 190 2308 Vos
200 2268 224 2305 et
233 2255 355 2320 Scyllaeum
365 2255 455 2305 rabiem
463 2254 604 2322 penitusque
615 2269 723 2305 sonantes

141 2333 243 2384 Aoceatis
252 2334 374 2399 scopulos;
385 2352 428 2383 vos
438 2348 461 2383 et
470 2336 588 2400 Cyclopea
598 2350 652 2382 saxa

142 2413 238 2478 Experti
249 2426 372 2462 :revocate
383 2415 486 2480 animos,
495 2427 652 2479 moestumque
662 2413 770 2462 timorem

142 2492 241 2552 tritum
252 2491 330 2540 forsan
341 2504 364 2542 et
373 2490 423 2543 haec
432 2494 490 2541 olim
496 2493 628 2549 meminisse
639 2491 738 2557 juvabit

144 2573 186 2619 Per
194 2572 272 2620 varius
282 2587 361 2631 casus,
371 2588 414 2637 per
421 2584 457 2622 tot
466 2572 598 2622 discrimina
608 2589 699 2634 rerum,

144 2650 271 2699 Tendimus
279 2651 304 2698 in
315 2651 422 2712 Latium,
432 2652 498 2701 sedes
507 2652 550 2701 ubi
559 2653 705 2718 fataquietss

145 2729 277 2778 ostendum
288 2748 293 2775 :
304 2730 352 2778 illie
361 2731 396 2778 sas
405 2748 476 2795 regna
485 2729 698 2799 resurgeredijae.

119 2723 243 2934 ΕΜ,
253 2821 278 2857 et
287 2823 378 2858 vosmet
387 2810 458 2865 rebus
468 2823 557 2859 seruate
567 2809 685 2877 sapaudiae

202 2886 247 2936 elia
256 2903 315 2937 voce
324 2887 407 2951 refert5
416 2891 524 2956 curisque
534 2890 669 2957 ingentibus
679 2903 740 2954 ωεστ

148 2981 171 3017 r.
189 2967 251 3018 208.
