1974 3772
337 210 479 258 murts.
500 210 567 258 nra.
588 211 633 257 rx.
811 224 865 279 297

123 312 176 374 lpsa
187 307 264 354 Derim
273 304 347 355 fertur
357 306 456 372 genitrix
465 308 617 373 Berecynthia
627 321 741 371 magnum

122 386 228 438 Vocibus
238 383 275 432 his
285 383 352 433 affata
363 390 446 434 Jovem
458 403 464 432 :
475 390 523 444 Da,
532 397 599 445 nate,
609 386 711 451 petenti,

124 465 196 529 Quod
207 476 247 512 tua
257 481 309 513 cara
318 480 403 529 parens
412 465 501 513 domito
511 468 536 512 te
543 465 619 529 poscit
627 465 738 531 Olympo.

123 545 193 594 Pinea
204 544 262 592 silva
272 541 342 603 mihi,
351 543 440 592 multos
450 543 533 592 dilecta
542 560 584 608 per
594 560 682 598 annos,

122 627 201 672 Lucus
212 624 236 671 in
246 639 296 670 aroc
306 621 353 671 fuit
362 623 466 680 summi,
476 624 526 687 qub
535 639 599 670 sacra
608 623 714 672 ferebant
719 657 726 683 ‚

122 702 228 768 Nigranti
238 702 304 766 picei
314 702 467 766 trabibusque
478 703 592 750 obscurus
601 702 696 750 acernis.

123 786 170 830 Has
181 797 223 846 ego
235 781 352 829 Dardanio
361 779 518 843 juveni,ci1m
527 780 606 829 classis
615 792 703 846 egeret,

122 865 186 909 Laeta
195 859 249 908 dedi
259 878 265 906 ε
277 877 340 909 nunc
349 859 472 909 sollicitam
482 855 552 908 timor
563 861 646 909 anxius
656 861 726 928 angit.

123 940 191 988 Solve
202 950 291 997 menas,
301 951 372 1003 atque
381 937 426 987 boe
436 940 545 1005 precibus
555 940 604 999 sine
612 956 681 1006 posse
689 953 826 1005 parentem,

123 1021 156 1068 Ne
166 1035 237 1067 cursu
247 1030 361 1082 quassatas
370 1019 434 1076 ullo,
444 1035 492 1066 neu
501 1019 596 1066 turbine
607 1019 671 1066 venti

121 1097 254 1150 Vincuntur
266 1116 271 1144 :
282 1098 357 1161 prosit
366 1097 451 1145 nostris
461 1097 486 1144 in
496 1097 618 1145 montibus
627 1109 696 1147 ortas.

162 1177 237 1224 Filius
246 1173 302 1224 huic
311 1177 405 1233 contri,
415 1187 510 1239 tortpret
519 1176 561 1239 qui
571 1176 645 1224 sidera
655 1175 739 1223 mundi
748 1195 754 1222 ι

122 1259 145 1304 Ο
154 1255 266 1320 genitrix,
276 1255 326 1319 quo
335 1249 382 1301 fata
392 1252 478 1302 rocas?
489 1266 531 1302 aut
540 1254 599 1318 quid
608 1254 668 1319 petis
679 1252 745 1304 istis?

122 1335 246 1384 Mortaline
256 1349 329 1381 manu
339 1333 405 1382 sactu
415 1333 545 1382 immortale
556 1335 639 1381 carinae

122 1417 168 1462 Fas
178 1408 297 1461 habeant?
308 1424 431 1477 certusque
441 1414 528 1460 incerta
537 1413 640 1478 pericula
650 1413 734 1461 lustret

122 1489 224 1546 AEneas?
234 1492 273 1539 cui
283 1502 347 1539 tanta
359 1495 408 1538 Deo
417 1492 529 1555 permissa
539 1488 658 1555 potestas?

124 1572 174 1618 lmb
184 1570 226 1618 ubi
236 1569 352 1618 defunctae
362 1565 435 1617 finem
444 1581 573 1634 portuque
584 1570 699 1618 tenebunt

123 1649 253 1706 Ausonios,
263 1649 321 1696 olim
330 1663 478 1712 quacunque
488 1648 586 1696 evaserit
595 1647 678 1705 randis,
724 1672 726 1677 ι

119 1712 316 1791 Dardaniumque
324 1727 408 1774 ducem
418 1726 544 1776 laurentia
553 1727 641 1774 vexerit
652 1741 721 1785 arva,

122 1807 247 1855 Mortalem
256 1805 354 1870 eripiam
364 1805 476 1865 sormam,
485 1805 610 1871 magnique
620 1803 708 1870 jubebo

123 1884 233 1952 AEquoris
243 1900 292 1933 esse
302 1888 361 1933 Deae
372 1903 378 1933 a
389 1884 466 1951 qualis
474 1889 556 1935 Nereia
566 1889 628 1933 Doto
770 1888 774 1894 '

124 1967 153 2013 Et
164 1963 261 2013 Galatea
272 1976 350 2012 secant
359 1976 509 2029 spumantem·
517 1977 611 2031 pectore
621 1977 730 2032 pontum.

163 2041 270 2104 Dixerat3
282 2043 353 2109 idque
363 2056 440 2093 ratum
451 2046 526 2112 Stygii
535 2062 578 2110 per
586 2044 686 2097 flumina
696 2043 787 2105 fratris,
884 2034 887 2039 ’

123 2124 167 2170 Per
176 2121 228 2186 pice
238 2133 351 2173 torrentes
361 2127 457 2188 atraque
466 2126 576 2190 voragine
587 2125 649 2188 ripas

121 2199 228 2258 Annuit,
239 2213 262 2249 et
271 2213 348 2250 toturn
358 2215 420 2250 nutu
430 2203 559 2251 tremefecit
567 2204 706 2267 Olympum.

162 2284 225 2345 Ergo
235 2280 315 2328 aderat
323 2282 438 2344 promissa
448 2281 509 2341 dies,
519 2293 543 2329 et
552 2293 657 2343 tempora
667 2285 746 2328 Paron

125 2357 208 2407 Debita
218 2359 441 2423 complerant,ebm
449 2361 524 2408 Ttuni
534 2358 620 2425 injuria
629 2371 727 2407 matrem

123 2437 256 2486 Admonuit
265 2438 334 2486 sacris
344 2438 434 2487 ratibus
444 2439 560 2504 depellere
569 2438 647 2487 tedas

123 2517 168 2564 Hic
178 2516 282 2580 primurn
292 2534 354 2565 nova
363 2519 408 2566 lux
417 2519 491 2566 oculis
501 2518 600 2574 effulsit,
610 2529 635 2565 ct
644 2518 725 2582 ingens

121 2598 143 2647 ,Ὺ
147 2597 194 2643 isus
205 2596 235 2642 ab
245 2597 338 2644 Aurora
347 2598 434 2644 ooelum
443 2609 599 2646 transcurrere
609 2595 718 2652 nimbus,

123 2674 227 2738 Idaeique
236 2671 302 2722 chori
313 2693 319 2721 ε
331 2676 382 2723 tiam
393 2692 439 2723 vox
449 2675 564 2724 horrenda
574 2692 617 2740 per
626 2690 694 2722 auras

123 2752 229 2811 Excidit,
239 2766 262 2800 et
271 2758 360 2801 Troum
371 2756 562 2820 Rutulorumque
572 2754 666 2820 agruim
675 2751 789 2817 complet:

124 2835 158 2879 Ne
169 2831 282 2896 trepidate
292 2848 368 2892 mets,
378 2834 476 2894 Teucri,
485 2834 611 2883 defendere
620 2848 704 2889 naves,

125 2929 150 2962 v.
172 2931 181 2961 1
192 2913 232 2976 affl
