1974 3772
352 241 479 291 AENEIS.
500 242 566 294 ΜΒ.
588 242 633 294 IX.
811 244 862 310 307
950 275 953 286 .

125 346 155 392 Et
164 343 229 392 venit
238 341 313 391 averti
322 341 348 390 iu
357 352 450 407 tergum
458 341 591 401 Sulmonis,
601 342 682 406 ibique

124 421 262 488 Frangitur,
273 436 300 470 uc
309 419 363 469 fisso
373 422 455 472 transit
465 421 591 486 precordia
601 422 672 487 liguo.

72 533 75 537 ·
123 502 235 553 Volvitur
244 501 283 549 ille
294 516 391 549 vomens
400 500 502 549 calidum
512 498 541 548 de
549 513 643 565 pectore
651 496 741 549 flamen

125 581 245 645 Frigidus,
256 591 279 627 et
288 581 366 645 longis
375 580 517 645 singultibus
528 580 566 628 iliu
575 580 670 644 pulset*

124 659 215 708 Diversi
225 659 423 723 circumspiciunt.
435 663 486 707 Hoc
495 660 568 707 acrior
578 659 641 708 idem
666 710 668 715 ,

125 740 183 786 Ecce
193 737 257 786 aliud
267 739 360 787 summd
368 737 443 786 telum
452 737 553 786 librabat
562 738 594 786 ab
603 755 666 787 aure.

123 818 188 864 Dlrm
198 817 328 881 trepidant,
338 815 366 865 iit
374 815 440 866 hasta
450 822 514 883 'lngo
524 832 567 882 pcr
576 828 670 883 tempus
679 829 808 884 utrmque

123 895 239 955 Stridens,
250 895 391 962 trajectoque
401 895 468 945 haesit
478 899 590 963 tepefacto
600 898 702 946 oambro.

162 976 232 1023 Saevit
242 987 308 1023 atrox
318 977 442 1034 Volsccne,
453 992 496 1024 nec
505 977 546 1024 teli
556 976 669 1040 conspicit
678 979 780 1040 usqudm

122 1053 262 1113 Auctorem,
272 1070 314 1102 nec
323 1056 373 1118 qud
382 1071 406 1102 ae
417 1055 499 1102 ardens
509 1055 635 1102 immittere
644 1057 724 1118 possit.

121 1136 158 1179 Tu
170 1145 248 1180 tamen
258 1133 346 1179 interel
355 1133 431 1180 calido
441 1131 501 1180 mihi
510 1133 713 1196 sangiunepoenet

122 1211 241 1258 Persolves
252 1211 389 1269 amborum,
399 1211 483 1276 inquit
494 1212 570 1259 Simul
579 1227 634 1259 cnse
644 1211 747 1266 recluso,
774 1223 780 1233 ·
808 1244 811 1248 »

123 1290 175 1336 lbat
185 1291 209 1336 in
221 1290 358 1354 Euryalum.
369 1291 432 1338 Uim
441 1292 498 1338 vero
506 1291 641 1348 exterritus,
652 1304 745 1349 alueus,

121 1368 259 1417 Conclamat
269 1369 352 1428 Nisus3
364 1385 406 1417 nec
416 1386 440 1417 ae
450 1371 524 1417 celare
534 1369 636 1418 tenebris

122 1446 245 1514 Amplius,
255 1459 296 1496 eut
306 1459 399 1495 tautum
408 1449 487 1511 potuit
496 1448 598 1512 perferre
608 1449 714 1496 dolorem
725 1465 732 1496 ε

122 1530 173 1583 Me,
183 1541 234 1583 me,
245 1526 329 1574 adsum
339 1527 381 1589 qui
391 1526 448 1586 seci3
459 1527 484 1574 in
493 1542 532 1574 me
542 1528 670 1575 convertite
681 1526 783 1584 fenum,
848 1587 859 1594 .

121 1608 144 1652 Ο
154 1605 250 1662 nutum
260 1620 310 1652 mea
322 1603 384 1652 fraus
395 1606 471 1653 omnis
482 1623 488 1653 ε
500 1603 561 1653 nihil
570 1605 612 1653 iate
622 1621 665 1653 nec
674 1612 758 1664 aucus,

122 1686 170 1731 Nec
179 1683 258 1746 potuit
269 1700 275 1728 ε
285 1684 372 1730 ooelum
381 1680 427 1732 hoc
437 1696 460 1731 et
468 1685 559 1731 conscia
569 1684 644 1731 sidera
654 1695 737 1732 testor:

120 1763 225 1811 Tantum
235 1760 351 1809 infelicem
359 1763 459 1809 nimilrm
470 1762 551 1810 dilexit
561 1763 669 1810 amicum

161 1840 226 1888 Talia
233 1840 296 1889 dicta
306 1840 390 1899 dchat3
402 1841 443 1889 aed
452 1842 542 1890 viribus
552 1842 614 1890 ensis
624 1841 719 1890 adactus

121 1919 268 1985 Tranaedigit
276 1931 362 1978 costae,
373 1932 395 1968 et
405 1932 498 1985 pectora
509 1920 607 1969 candida
618 1921 714 1985 rumpit

122 1998 233 2050 Volvitur
243 2001 360 2064 Euryalus
369 2000 430 2059 lato,
440 1997 599 2065 pulchrosque
606 2016 649 2064 per
658 2011 722 2047 artua

122 2081 143 2125 lt
153 2094 234 2135 cruor,
244 2078 316 2142 inque
326 2077 436 2127 humeros
446 2080 523 2127 cervix
533 2080 634 2143 collapsa
644 2078 761 2127 recumbit
771 2096 777 2125 e

121 2160 257 2220 Purpureus
267 2159 340 2204 veluti
348 2160 402 2205 cum
413 2155 456 2205 flos
466 2158 568 2205 succisus
579 2169 655 2205 uratm

121 2234 261 2299 Langueecit
270 2236 385 2294 morieus3
394 2235 486 2284 laeeove
494 2249 612 2298 papavera
620 2235 682 2282 collo

122 2313 240 2361 uenirem
250 2325 334 2378 caput,
344 2313 427 2377 pluvit
436 2315 492 2361 clun
501 2313 703 2379 sorte'gravautur.
743 2362 747 2377 1

161 2392 194 2440 At
204 2391 273 2440 Nisus
283 2392 331 2440 mit
340 2393 365 2440 iu
374 2392 477 2450 modios,
487 2392 610 2458 solumque
620 2407 663 2456 per
671 2406 753 2440 omne·

121 2471 271 2522 Volaceutem
280 2472 351 2535 petit,
361 2472 385 2519 in
395 2472 444 2531 eolo
455 2473 577 2523 Volaecute
586 2484 699 2520 moratur.

121 2553 202 2612 Quam
210 2551 296 2598 circum
305 2551 427 2616 glomerati
437 2549 514 2600 hostes
523 2549 580 2600 hino
587 2551 695 2598 cominius
705 2560 775 2614 utque
785 2546 841 2599 linc

122 2629 265 2677 Proturhant
276 2647 282 2677 ε
294 2630 364 2678 instet
374 2647 422 2678 non
432 2630 520 2689 aedua,
529 2647 555 2678 ac
564 2641 626 2678 rotat
636 2643 715 2677 enaem

122 2707 287 2768 Fulmineum,
296 2709 372 2758 donec
381 2709 465 2757 Rutuli
472 2709 593 2758 clamantia
602 2710 627 2756 in
637 2724 678 2760 ore
735 2731 739 2735 ’

121 2787 234 2835 Condidit
243 2788 353 2845 adverso,
363 2801 386 2837 et
394 2789 497 2836 moriens
508 2789 609 2836 animem
620 2786 717 2837 abstulit
726 2785 795 2836 hosti

121 2867 184 2913 Tum
194 2882 262 2930 super
274 2867 404 2917 exanimem
414 2884 462 2917 aete
471 2866 569 2933 projecit
578 2869 680 2917 amicum

125 2963 148 2995 v·
164 2946 176 3007 4
184 2947 227 3008 44.
