1974 3772
139 270 193 322 368
346 269 477 318 PUBLII
496 271 668 322 vlaurtrr

137 367 246 432 Traiicit,
256 380 281 418 et
289 384 359 434 super
367 366 417 417 baec
426 367 521 417 inimico
530 381 623 433 pectore
630 366 695 419 fatur
707 387 713 416 ι
732 383 738 391 ’

135 449 208 498 'Silvis
218 460 253 506 te,
264 445 398 514 Tyrrhene,
408 446 467 495 seras
477 448 563 512 agitare
572 446 678 512 putasti?

137 527 243 577 ‘Advenit
252 528 294 592 qui
305 540 379 576 vestra
390 526 438 575 dies
448 526 605 575 muliebribus
615 527 686 575 armis
698 570 704 578 .
814 574 831 593 ι

138 606 218 658 Verba
226 607 379 670 redargueret.
391 609 483 654 Nomen
493 617 573 654 tamen
582 603 647 653 haud
656 605 710 654 leve
719 619 821 672 panum

139 687 249 737 Manibus
259 684 305 734 boc
314 683 412 745 referes,
422 686 469 734 telo
479 685 586 734 cecidisse
593 685 707 734 Camillae.

138 765 248 815 Ptotinirs
257 762 408 812 Orsilochum
418 776 440 813 et
450 769 538 823 Buten,
548 763 596 812 duo
605 765 709 813 maxima
719 769 842 818 Teucrum

138 847 243 909 Corpora
254 862 260 890 :
270 842 312 892 sed
321 847 397 892 Buten
407 843 532 892 adversum
541 843 637 907 cuspide
648 839 701 892 fixit

139 924 245 972 Lorium
256 922 391 988 galeamque
401 922 474 982 inter,
484 923 532 986 qud
542 922 601 970 oolla
610 922 713 972 sedentis

138 1004 242 1059 Lucent,
252 1013 275 1049 et
285 1002 344 1050 loevo
355 1000 472 1065 dependet
480 1017 562 1065 parma
571 1001 657 1049 lacerto
669 1020 674 1048 :

138 1078 301 1138 Orsilochum,
312 1079 403 1145 fugiens
411 1095 570 1146 magnumque
580 1081 665 1145 agitata
674 1096 719 1144 per
729 1086 828 1143 orbem,

139 1159 220 1207 Eludit
230 1176 288 1224 gyro
299 1159 405 1218 interior,
415 1160 567 1224 sequiturque
577 1171 723 1224 sequentem

138 1240 201 1286 Titm
211 1239 313 1287 validam
323 1255 411 1303 perque
421 1255 485 1286 arma
495 1239 546 1287 viro
555 1240 644 1303 perque
654 1256 708 1287 ossa
717 1243 834 1299 securim,

139 1318 216 1366 Altior
226 1334 363 1384 exsurgens,
375 1318 450 1365 oranti
461 1329 484 1366 et
492 1317 567 1373 multa
577 1317 682 1381 precanti

139 1397 294 1461 congeminat
304 1415 310 1444 :
322 1397 409 1445 vulnus
419 1396 495 1445 celido
504 1397 563 1462 rigat
572 1413 613 1444 ora
623 1396 728 1446 cerebro.

66 1486 74 1500 ⁸
179 1475 264 1523 Incidit
272 1473 341 1536 huie,
351 1475 477 1540 subitoque
488 1487 583 1540 aspectu
595 1475 690 1524 territus
700 1473 785 1537 baesit,

139 1553 316 1619 Apenninicolae
324 1554 423 1604 bellator
433 1551 496 1604 filius
506 1554 583 1610 Auni,

138 1623 210 1682 Haud
221 1634 334 1697 Ligurum
345 1645 474 1691 extremus,
484 1635 543 1682 dian
553 1629 632 1682 fallere
641 1634 689 1682 fata
699 1635 820 1687 sinebant.

139 1716 222 1778 Isque,
232 1712 275 1760 ubi
284 1729 309 1761 se
318 1714 387 1761 nullo
395 1711 443 1776 jam
453 1730 524 1761 cursu
532 1712 631 1761 evadere
642 1716 725 1777 pugni

138 1794 222 1850 Posse,
232 1808 309 1857 neque
319 1794 444 1841 instantem
455 1794 558 1858 reginam
567 1781 684 1853 avertere,
694 1798 784 1853 cernit,

138 1871 242 1920 Consilio
253 1888 344 1920 versare
354 1872 420 1921 dolos
431 1873 546 1937 ingressus
556 1883 580 1920 et
588 1883 654 1929 astu,

138 1950 224 2014 Incipit
234 1947 283 1998 irasc
294 1969 300 1998 r
312 1951 378 2012 Quid
387 1953 435 1998 tltm
446 1951 573 2016 egregium,
584 1952 605 2000 si
614 1949 700 1999 femina
711 1952 769 2001 forti

138 2027 202 2090 Fidis
213 2026 292 2092 equo?
302 2029 393 2077 dimitte
404 2028 497 2093 frigam,
508 2042 531 2078 et
543 2041 566 2078 te
576 2031 682 2080 cominus
692 2045 764 2092 aequo

137 2110 232 2156 Mecum
241 2106 308 2156 crede
318 2107 381 2165 solo,
391 2124 524 2172 pugnaeque
535 2110 627 2174 accinge
636 2109 756 2174 pedestri:

137 2191 191 2236 lam
201 2203 281 2235 nosces
291 2198 388 2235 ventosa
397 2187 455 2236 feret
464 2189 502 2235 cui
512 2189 585 2252 gloria
595 2187 708 2236 fraudem.

178 2267 255 2315 Dixit:
266 2279 289 2315 at
298 2267 338 2314 illa
348 2267 440 2326 furens,
451 2268 545 2330 aerique
555 2284 649 2316 accensa
659 2267 755 2330 dolore,

137 2346 219 2394 Tradit
228 2363 318 2410 equum
327 2347 419 2406 comiti,
429 2347 573 2411 paribusque
582 2346 668 2396 resistit
677 2347 703 2394 in
713 2349 796 2410 manis,

138 2428 200 2472 Ense
210 2425 281 2489 pedes
291 2425 368 2482 nudo,
379 2428 486 2490 purique
495 2426 599 2474 interrita
607 2428 696 2490 parmi.

138 2502 171 2552 At
180 2502 285 2567 juvenis,
296 2504 377 2552 vicisse
388 2504 442 2554 dolo
451 2517 529 2565 ratus,
539 2506 618 2553 avolat
626 2505 676 2568 ipse

138 2583 209 2632 Haud
218 2599 297 2640 mora,
306 2585 470 2648 conversisque
480 2585 551 2648 fugax
560 2583 665 2631 aufertur
675 2582 788 2643 habenis,

139 2662 371 2727 Quadrupedcmqus
380 2663 454 2715 citum
463 2662 546 2712 ferrati
556 2664 616 2711 calce
626 2663 715 2727 fatigat.

177 2745 244 2794 Vane
254 2743 337 2808 Ligus,
348 2734 480 2808 furatrique
490 2742 573 2791 animis
584 2742 642 2790 elate
652 2741 775 2808 superbis,

137 2821 299 2886 Nequidquam
308 2823 395 2887 patrias
403 2824 498 2871 tentasti
507 2822 610 2871 lubricus
621 2833 695 2882 arten

137 2902 185 2947 Nec
194 2898 257 2948 fratrs
265 2913 288 2950 te
298 2901 441 2951 incolumem
450 2901 527 2952 fallaci
535 2900 638 2966 perferet
646 2899 727 2975 Attum

138 2995 165 3031 r.
182 2998 245 3052 717.

19 3353 208 3536 ‘x
