1974 3772
45 279 47 287 ·
134 280 183 328 ηε
340 250 469 324 runnu
492 278 662 327 tractata

119 349 207 441 {ignari
216 377 330 425 scelerum
339 386 460 424 tantorum
469 375 571 438 artisque
582 375 688 440 Pelaagae.

119 455 282 520 :Prosequitur
290 454 411 518 pavitans,
421 466 445 501 ct
451 451 508 501 -fictu
517 465 610 517 pectore
620 455 683 503 satur
694 471 701 502 ε

112 516 240 599 ⁴FSaffld
245 535 325 598 sugam
335 534 409 581 Danai
419 531 490 596 Trojh
500 533 594 598 cupiere
601 512 697 606 affl:
720 572 724 601 ἱ

131 614 219 671 Moliri,
230 625 253 661 et
262 613 332 677 longo
343 611 397 660 sessi
407 612 523 660 discedere
532 612 611 660 bello:
649 608 753 681 Q

65 684 69 690 ’
128 693 293 756 Fecissentque
303 691 408 739 utinam!
420 694 486 756 Saepe
496 692 548 739 illos
557 707 637 756 aspera
647 691 715 756 ponti

129 771 262 820 lntamlueit
269 768 357 828 hieme,
368 783 391 819 et
401 770 484 819 terruit
493 771 579 818 Auster
587 783 676 819 euntes.

128 849 261 915 Prucipue,
271 851 327 899 cam
336 848 385 912 jam
394 847 433 896 hic
443 849 549 897 trabibus
559 861 681 899 contextus
691 851 781 899 acernis

128 931 204 978 Staret
213 945 302 993 equus,
312 940 362 976 toto
373 940 502 977 sonuerunt
512 927 598 976 aetbere
607 929 690 978 nimbi.

128 1009 240 1072 Suspensi
249 1008 401 1073 Eurypylum
411 1009 519 1056 scitatum
528 1008 621 1056 oracula
631 1006 715 1056 Phoebi

126 1088 258 1147 Mittimus3
268 1088 335 1152 itque
346 1087 424 1153 adytis
432 1085 483 1135 haee
492 1087 566 1135 tristia
576 1087 637 1135 dicta
648 1098 751 1150 reportat
763 1105 769 1135 :

128 1168 246 1232 Sanguine
256 1166 366 1231 placdstie
376 1178 458 1215 ventos
469 1177 492 1214 et
501 1166 591 1230 virgine
601 1168 671 1224 cest,

128 1247 190 1294 Cbm
199 1245 305 1311 primbm
315 1246 408 1305 Iliacas,
418 1245 505 1303 Danai,
516 1245 612 1294 venistis
622 1245 652 1293 ad
662 1262 729 1305 oraa·;

127 1325 246 1389 Sanguine
255 1324 376 1389 quaerendi
386 1324 486 1382 reditus,
497 1325 622 1389 animique
631 1324 750 1373 litandum

127 1404 242 1468 Argolica.
253 1403 326 1468 Vulgi
336 1419 389 1467 quae
399 1419 445 1451 vax
455 1415 482 1451 ut
491 1403 557 1451 venit
569 1404 599 1450 ad
609 1420 689 1463 aures,

128 1482 278 1546 Obstupuere
288 1482 373 1541 animi,
384 1482 521 1549 gelidusque
531 1499 574 1547 per
584 1483 631 1530 ima
640 1484 744 1532 cucurrit

126 1564 185 1610 Orsa
195 1573 296 1622 tremor-3
307 1562 346 1611 cui
355 1559 401 1609 sata
411 1574 507 1626 parent,
517 1577 590 1627 quem
598 1574 680 1626 porcat
689 1561 784 1627 Apollo.

167 1642 211 1689 Hic
222 1639 315 1690 Ithacus
325 1653 404 1690 vatem
413 1659 498 1707 magno
508 1639 635 1690 Calchanta
645 1643 753 1690 tumultu

128 1718 245 1769 Protrahit
254 1721 279 1768 in
290 1721 392 1782 medioe3
402 1738 456 1786 quae
466 1721 513 1769 rint
523 1737 549 1769 ea
560 1721 657 1769 ntamina
669 1721 758 1770 Divum
802 1761 806 1769 .

127 1800 227 1864 Flagitat
237 1819 243 1847 ε
255 1813 278 1848 et
287 1799 404 1864 mili-jam
413 1801 482 1849 multi
492 1799 585 1848 crudele
595 1800 710 1848 canebant

127 1876 229 1926 Artificis
237 1879 325 1937 scelus,
336 1892 359 1928 et
369 1881 432 1927 taciti
442 1892 540 1927 ventura
550 1879 668 1928 videbant

127 1958 163 2005 Bis
175 1957 259 2021 quinos
270 1958 323 2006 silet
331 1958 370 2006 ille
381 1958 441 2016 dies,
452 1971 574 2024 tectusque
584 1971 675 2008 recusat

127 2036 225 2085 Prodere
236 2053 293 2084 voce
302 2040 345 2086 sud
355 2054 511 2103 quemquam,
523 2052 563 2087 aut
573 2055 693 2105 apponere
703 2041 782 2088 motti.

126 2116 172 2168 ,Vix
183 2115 278 2165 tandem
287 2117 378 2182 magnit
389 2116 462 2165 Ithaci
471 2118 613 2167 clamoribus
624 2109 702 2173 actua.

126 2195 263 2260 Composita
272 2196 363 2261 rumpit
372 2213 467 2256 vocem,
477 2209 501 2245 ct
510 2214 548 2246 me
559 2196 659 2246 destinat
670 2213 722 2248 urat.

125 2273 250 2323 Assensere
260 2291 341 2324 omnes
352 2294 358 2322 :
369 2289 392 2325 et
402 2293 455 2342 quae
465 2277 510 2324 sibi
520 2277 621 2341 quisque
631 2277 742 2336 timebat,

124 2354 201 2402 Unius
212 2353 237 2400 in
248 2355 325 2402 miseri
336 2356 433 2404 exitium
442 2373 553 2404 conversa
563 2356 644 2405 tulere.
769 2414 775 2418 ⁵

124 2438 225 2496 Jamque
235 2433 285 2481 dies
294 2431 391 2483 infanda
401 2435 480 2484 aderat
491 2453 496 2482 :
508 2434 567 2487 mihi
577 2448 640 2484 sacra
650 2438 741 2500 parari,

125 2517 155 2560 Et
165 2512 229 2560 salae
240 2510 330 2578 surges,
341 2526 364 2561 et
371 2514 461 2564 circum
470 2528 575 2579 tempora
585 2515 657 2563 vittae.

125 2591 221 2655 Eripui‚
231 2593 315 2651 fateor,
325 2593 372 2641 leta
382 2609 420 2642 me
427 2629 434 2652 ‚
442 2587 465 2642 et
475 2595 569 2643 vincula
579 2595 647 2659 rupi;

124 2670 266 2735 Limosoque
275 2669 329 2720 lacu
338 2688 380 2736 par
390 2685 484 2721 noctem
493 2674 607 2722 obscurus
616 2673 641 2720 in
650 2672 708 2745 ula}

124 2749 225 2807 Delitui,
236 2750 295 2798 dlim
304 2752 355 2799 vela
366 2752 460 2811 darent,
471 2754 490 2801 si
501 2753 560 2802 t'ortb
570 2753 694 2801 dedissent

123 2828 171 2876 Nec
180 2826 239 2876 mihi
249 2828 297 2893 jam
306 2830 407 2896 patriam
416 2832 538 2896 antiquum
548 2849 600 2896 spes
610 2831 658 2880 ulla
667 2829 778 2890 videndi,

124 2909 172 2954 Nec
182 2906 260 2957 dulces
269 2921 349 2971 natae,
359 2922 543 2978 exoptatumque
551 2923 672 2976 parentem
677 2944 686 2972 ,

123 3001 150 3035 κ’.
169 2988 230 3038 ι38.
368 2998 372 3004 ’
553 2994 558 3002 ‘
