<?xml version="1.0" encoding="UTF-8"?>
<!DOCTYPE html PUBLIC "-//W3C//DTD XHTML 1.0 Transitional//EN"
    "http://www.w3.org/TR/xhtml1/DTD/xhtml1-transitional.dtd">
<html xmlns="http://www.w3.org/1999/xhtml" xml:lang="en" lang="en">
 <head>
  <title>
</title>
<meta http-equiv="Content-Type" content="text/html;charset=utf-8" />
  <meta name='ocr-system' content='tesseract 3.04.00' />
  <meta name='ocr-capabilities' content='ocr_page ocr_carea ocr_par ocr_line ocrx_word'/>
</head>
<body>
  <div class='ocr_page' id='page_1' title='image "./bucolicageorgic01virggoog/bucolicageorgic01virggoog_0061.png"; bbox 0 0 1974 3772; ppageno 0'>
   <div class='ocr_carea' id='block_1_1' title="bbox 163 287 693 370">
    <p class='ocr_par' dir='ltr' id='par_1_1' title="bbox 163 287 693 370">
     <span class='ocr_line' id='line_1_1' title="bbox 163 287 693 370; baseline -0.006 -17"><span class='ocrx_word' id='word_1_1' title='bbox 163 307 197 370; x_wconf 68' lang='lat'>44</span> <span class='ocrx_word' id='word_1_2' title='bbox 375 305 504 352; x_wconf 80' lang='lat' dir='ltr'>runnu</span> <span class='ocrx_word' id='word_1_3' title='bbox 524 287 693 354; x_wconf 74' lang='lat' dir='ltr'>v&#39;rncrnrr</span> 
     </span>
    </p>
   </div>
   <div class='ocr_carea' id='block_1_2' title="bbox 161 403 782 546">
    <p class='ocr_par' dir='ltr' id='par_1_2' title="bbox 161 403 782 546">
     <span class='ocr_line' id='line_1_2' title="bbox 161 403 782 466; baseline -0.008 -11"><span class='ocrx_word' id='word_1_4' title='bbox 161 411 193 456; x_wconf 84' lang='lat' dir='ltr'>Et</span> <span class='ocrx_word' id='word_1_5' title='bbox 202 407 310 454; x_wconf 77' lang='lat' dir='ltr'>Cererem</span> <span class='ocrx_word' id='word_1_6' title='bbox 320 403 419 452; x_wconf 82' lang='lat' dir='ltr'>clamore</span> <span class='ocrx_word' id='word_1_7' title='bbox 429 413 513 450; x_wconf 87' lang='lat' dir='ltr'>vocent</span> <span class='ocrx_word' id='word_1_8' title='bbox 523 403 547 451; x_wconf 85' lang='lat' dir='ltr'>ln</span> <span class='ocrx_word' id='word_1_9' title='bbox 557 415 616 450; x_wconf 82' lang='lat' dir='ltr'>tecta</span> <span class='ocrx_word' id='word_1_10' title='bbox 626 419 631 449; x_wconf 90' lang='lat'><strong>:</strong></span> <span class='ocrx_word' id='word_1_11' title='bbox 642 419 719 466; x_wconf 86' lang='lat' dir='ltr'>neque</span> <span class='ocrx_word' id='word_1_12' title='bbox 729 413 782 450; x_wconf 87' lang='lat' dir='ltr'>ante</span> 
     </span>
     <span class='ocr_line' id='line_1_3' title="bbox 162 480 724 546; baseline -0.009 -13"><span class='ocrx_word' id='word_1_13' title='bbox 162 485 257 533; x_wconf 84' lang='lat' dir='ltr'>Falcem</span> <span class='ocrx_word' id='word_1_14' title='bbox 266 481 364 532; x_wconf 86' lang='lat' dir='ltr'>maturis</span> <span class='ocrx_word' id='word_1_15' title='bbox 373 480 500 545; x_wconf 86' lang='lat' dir='ltr'>quisquam</span> <span class='ocrx_word' id='word_1_16' title='bbox 509 493 628 546; x_wconf 88' lang='lat' dir='ltr'>supponat</span> <span class='ocrx_word' id='word_1_17' title='bbox 636 480 724 538; x_wconf 80' lang='lat' dir='ltr'>aristis,</span> 
     </span>
    </p>
   </div>
   <div class='ocr_carea' id='block_1_3' title="bbox 73 560 773 628">
    <p class='ocr_par' dir='ltr' id='par_1_3' title="bbox 73 560 773 628">
     <span class='ocr_line' id='line_1_4' title="bbox 73 560 773 628; baseline -0.007 -15"><span class='ocrx_word' id='word_1_18' title='bbox 73 618 77 624; x_wconf 24' lang='lat'>⁸</span> <span class='ocrx_word' id='word_1_19' title='bbox 163 565 242 626; x_wconf 62' lang='lat' dir='ltr'>Quem</span> <span class='ocrx_word' id='word_1_20' title='bbox 252 562 343 619; x_wconf 88' lang='lat' dir='ltr'>Cereri,</span> <span class='ocrx_word' id='word_1_21' title='bbox 353 563 415 610; x_wconf 71' lang='lat' dir='ltr'>torta</span> <span class='ocrx_word' id='word_1_22' title='bbox 423 560 545 608; x_wconf 86' lang='lat' dir='ltr'>redimitus</span> <span class='ocrx_word' id='word_1_23' title='bbox 556 564 661 628; x_wconf 83' lang='lat' dir='ltr'>tempora</span> <span class='ocrx_word' id='word_1_24' title='bbox 670 574 773 625; x_wconf 77' lang='lat' dir='ltr'>quercu,</span> 
     </span>
    </p>
   </div>
   <div class='ocr_carea' id='block_1_4' title="bbox 70 637 843 3062">
    <p class='ocr_par' dir='ltr' id='par_1_4' title="bbox 162 637 709 704">
     <span class='ocr_line' id='line_1_5' title="bbox 162 637 709 704; baseline 0 -16"><span class='ocrx_word' id='word_1_25' title='bbox 162 645 208 691; x_wconf 87' lang='lat' dir='ltr'>Det</span> <span class='ocrx_word' id='word_1_26' title='bbox 217 652 296 689; x_wconf 87' lang='lat' dir='ltr'>motus</span> <span class='ocrx_word' id='word_1_27' title='bbox 306 639 486 704; x_wconf 86' lang='lat' dir='ltr'>incompositos,</span> <span class='ocrx_word' id='word_1_28' title='bbox 496 650 520 687; x_wconf 91' lang='lat' dir='ltr'>et</span> <span class='ocrx_word' id='word_1_29' title='bbox 528 638 631 687; x_wconf 76' lang='lat' dir='ltr'>cannino</span> <span class='ocrx_word' id='word_1_30' title='bbox 641 637 709 688; x_wconf 78' lang='lat' dir='ltr'>dieat</span> 
     </span>
    </p>

    <p class='ocr_par' dir='ltr' id='par_1_5' title="bbox 162 716 799 1098">
     <span class='ocr_line' id='line_1_6' title="bbox 202 716 769 784; baseline 0.005 -18"><span class='ocrx_word' id='word_1_31' title='bbox 202 720 280 784; x_wconf 79' lang='lat' dir='ltr'>Atque</span> <span class='ocrx_word' id='word_1_32' title='bbox 290 716 340 766; x_wconf 71' lang='lat' dir='ltr'>hec</span> <span class='ocrx_word' id='word_1_33' title='bbox 350 730 376 766; x_wconf 93' lang='lat' dir='ltr'>ut</span> <span class='ocrx_word' id='word_1_34' title='bbox 386 718 454 766; x_wconf 85' lang='lat' dir='ltr'>certis</span> <span class='ocrx_word' id='word_1_35' title='bbox 462 717 579 782; x_wconf 84' lang='lat' dir='ltr'>possimus</span> <span class='ocrx_word' id='word_1_36' title='bbox 588 717 675 770; x_wconf 73' lang='lat' dir='ltr'>disoeoe</span> <span class='ocrx_word' id='word_1_37' title='bbox 684 716 769 781; x_wconf 67' lang='lat' dir='ltr'>tignit,</span> 
     </span>
     <span class='ocr_line' id='line_1_7' title="bbox 162 793 799 866; baseline -0.003 -20"><span class='ocrx_word' id='word_1_38' title='bbox 162 801 301 862; x_wconf 79' lang='lat' dir='ltr'>AEstusque,</span> <span class='ocrx_word' id='word_1_39' title='bbox 310 796 463 861; x_wconf 85' lang='lat' dir='ltr'>pluviasque,</span> <span class='ocrx_word' id='word_1_40' title='bbox 473 808 497 845; x_wconf 90' lang='lat' dir='ltr'>et</span> <span class='ocrx_word' id='word_1_41' title='bbox 506 806 599 861; x_wconf 83' lang='lat' dir='ltr'>agentes</span> <span class='ocrx_word' id='word_1_42' title='bbox 609 793 693 861; x_wconf 75' lang='lat' dir='ltr'>frigora</span> <span class='ocrx_word' id='word_1_43' title='bbox 704 807 799 866; x_wconf 55' lang='lat' dir='ltr'>ventos!</span> 
     </span>
     <span class='ocr_line' id='line_1_8' title="bbox 162 874 773 941; baseline -0.007 -17"><span class='ocrx_word' id='word_1_44' title='bbox 162 881 215 941; x_wconf 87' lang='lat' dir='ltr'>lpse</span> <span class='ocrx_word' id='word_1_45' title='bbox 224 879 292 924; x_wconf 83' lang='lat' dir='ltr'>Peter</span> <span class='ocrx_word' id='word_1_46' title='bbox 302 875 383 924; x_wconf 85' lang='lat' dir='ltr'>statuit</span> <span class='ocrx_word' id='word_1_47' title='bbox 392 875 451 939; x_wconf 87' lang='lat' dir='ltr'>quid</span> <span class='ocrx_word' id='word_1_48' title='bbox 459 885 579 923; x_wconf 84' lang='lat' dir='ltr'>menstrua</span> <span class='ocrx_word' id='word_1_49' title='bbox 589 874 646 922; x_wconf 86' lang='lat' dir='ltr'>luna</span> <span class='ocrx_word' id='word_1_50' title='bbox 655 884 773 932; x_wconf 78' lang='lat' dir='ltr'>moneret,</span> 
     </span>
     <span class='ocr_line' id='line_1_9' title="bbox 164 952 763 1018; baseline -0.003 -16"><span class='ocrx_word' id='word_1_51' title='bbox 164 961 219 1018; x_wconf 84' lang='lat' dir='ltr'>Quo</span> <span class='ocrx_word' id='word_1_52' title='bbox 230 954 296 1018; x_wconf 82' lang='lat' dir='ltr'>signo</span> <span class='ocrx_word' id='word_1_53' title='bbox 306 953 415 1001; x_wconf 87' lang='lat' dir='ltr'>caderent</span> <span class='ocrx_word' id='word_1_54' title='bbox 424 953 509 1010; x_wconf 80' lang='lat' dir='ltr'>austri,</span> <span class='ocrx_word' id='word_1_55' title='bbox 518 953 578 1017; x_wconf 91' lang='lat' dir='ltr'>quid</span> <span class='ocrx_word' id='word_1_56' title='bbox 587 954 648 1017; x_wconf 77' lang='lat' dir='ltr'>supe</span> <span class='ocrx_word' id='word_1_57' title='bbox 658 952 763 1000; x_wconf 87' lang='lat' dir='ltr'>videntes</span> 
     </span>
     <span class='ocr_line' id='line_1_10' title="bbox 162 1016 739 1098; baseline -0.003 -18"><span class='ocrx_word' id='word_1_58' title='bbox 162 1033 277 1098; x_wconf 77' lang='lat' dir='ltr'>Agricolae</span> <span class='ocrx_word' id='word_1_59' title='bbox 286 1033 385 1097; x_wconf 77' lang='lat' dir='ltr'>propius</span> <span class='ocrx_word' id='word_1_60' title='bbox 393 1031 491 1079; x_wconf 83' lang='lat' dir='ltr'>stabulis</span> <span class='ocrx_word' id='word_1_61' title='bbox 501 1043 605 1079; x_wconf 83' lang='lat' dir='ltr'>armento</span> <span class='ocrx_word' id='word_1_62' title='bbox 616 1016 739 1080; x_wconf 69' lang='lat' dir='ltr'>tenerent.¹</span> 
     </span>
    </p>

    <p class='ocr_par' dir='ltr' id='par_1_6' title="bbox 162 1107 843 2195">
     <span class='ocr_line' id='line_1_11' title="bbox 202 1107 790 1175; baseline -0.003 -16"><span class='ocrx_word' id='word_1_63' title='bbox 202 1111 334 1169; x_wconf 82' lang='lat' dir='ltr'>Continub,</span> <span class='ocrx_word' id='word_1_64' title='bbox 345 1110 421 1158; x_wconf 79' lang='lat' dir='ltr'>ventis</span> <span class='ocrx_word' id='word_1_65' title='bbox 431 1109 593 1175; x_wconf 73' lang='lat' dir='ltr'>surgentibus,</span> <span class='ocrx_word' id='word_1_66' title='bbox 604 1121 644 1156; x_wconf 84' lang='lat' dir='ltr'>aut</span> <span class='ocrx_word' id='word_1_67' title='bbox 653 1107 712 1157; x_wconf 88' lang='lat' dir='ltr'>freta</span> <span class='ocrx_word' id='word_1_68' title='bbox 721 1108 790 1173; x_wconf 85' lang='lat' dir='ltr'>ponti</span> 
     </span>
     <span class='ocr_line' id='line_1_12' title="bbox 163 1187 715 1255; baseline -0.002 -18"><span class='ocrx_word' id='word_1_69' title='bbox 163 1188 283 1254; x_wconf 81' lang='lat' dir='ltr'>Incipiunt</span> <span class='ocrx_word' id='word_1_70' title='bbox 293 1188 378 1255; x_wconf 79' lang='lat' dir='ltr'>agitata</span> <span class='ocrx_word' id='word_1_71' title='bbox 387 1199 528 1247; x_wconf 71' lang='lat' dir='ltr'>tumescere,</span> <span class='ocrx_word' id='word_1_72' title='bbox 542 1200 565 1237; x_wconf 92' lang='lat' dir='ltr'>et</span> <span class='ocrx_word' id='word_1_73' title='bbox 575 1187 653 1236; x_wconf 86' lang='lat' dir='ltr'>aridus</span> <span class='ocrx_word' id='word_1_74' title='bbox 663 1187 715 1236; x_wconf 79' lang='lat' dir='ltr'>altis</span> 
     </span>
     <span class='ocr_line' id='line_1_13' title="bbox 162 1265 739 1332; baseline -0.009 -14"><span class='ocrx_word' id='word_1_75' title='bbox 162 1268 285 1320; x_wconf 77' lang='lat' dir='ltr'>Montibus</span> <span class='ocrx_word' id='word_1_76' title='bbox 295 1268 370 1316; x_wconf 87' lang='lat' dir='ltr'>audiri</span> <span class='ocrx_word' id='word_1_77' title='bbox 380 1265 469 1332; x_wconf 77' lang='lat' dir='ltr'>fragor,</span> <span class='ocrx_word' id='word_1_78' title='bbox 480 1277 520 1315; x_wconf 92' lang='lat' dir='ltr'>aut</span> <span class='ocrx_word' id='word_1_79' title='bbox 530 1266 661 1314; x_wconf 79' lang='lat' dir='ltr'>resonantia</span> <span class='ocrx_word' id='word_1_80' title='bbox 670 1266 739 1330; x_wconf 71' lang='lat' dir='ltr'>longe</span> 
     </span>
     <span class='ocr_line' id='line_1_14' title="bbox 165 1344 843 1402; baseline 0 -8"><span class='ocrx_word' id='word_1_81' title='bbox 165 1347 253 1395; x_wconf 84' lang='lat' dir='ltr'>Littore</span> <span class='ocrx_word' id='word_1_82' title='bbox 263 1345 367 1402; x_wconf 77' lang='lat' dir='ltr'>misceri,</span> <span class='ocrx_word' id='word_1_83' title='bbox 377 1358 400 1393; x_wconf 85' lang='lat' dir='ltr'>et</span> <span class='ocrx_word' id='word_1_84' title='bbox 409 1360 533 1392; x_wconf 89' lang='lat' dir='ltr'>nemorum</span> <span class='ocrx_word' id='word_1_85' title='bbox 547 1344 714 1392; x_wconf 77' lang='lat' dir='ltr'>increbrescere</span> <span class='ocrx_word' id='word_1_86' title='bbox 725 1359 843 1394; x_wconf 72' lang='lat' dir='ltr'>murenam.</span> 
     </span>
     <span class='ocr_line' id='line_1_15' title="bbox 164 1422 793 1486; baseline -0.006 -11"><span class='ocrx_word' id='word_1_87' title='bbox 164 1429 217 1475; x_wconf 83' lang='lat' dir='ltr'>Jam</span> <span class='ocrx_word' id='word_1_88' title='bbox 227 1424 272 1472; x_wconf 91' lang='lat' dir='ltr'>sibi</span> <span class='ocrx_word' id='word_1_89' title='bbox 280 1425 331 1471; x_wconf 78' lang='lat' dir='ltr'>tlun</span> <span class='ocrx_word' id='word_1_90' title='bbox 341 1423 419 1471; x_wconf 74' lang='lat' dir='ltr'>curris</span> <span class='ocrx_word' id='word_1_91' title='bbox 428 1422 489 1470; x_wconf 77' lang='lat' dir='ltr'>male</span> <span class='ocrx_word' id='word_1_92' title='bbox 499 1434 612 1486; x_wconf 86' lang='lat' dir='ltr'>temperat</span> <span class='ocrx_word' id='word_1_93' title='bbox 622 1423 687 1471; x_wconf 86' lang='lat' dir='ltr'>unda</span> <span class='ocrx_word' id='word_1_94' title='bbox 695 1422 793 1482; x_wconf 87' lang='lat' dir='ltr'>carinis,</span> 
     </span>
     <span class='ocr_line' id='line_1_16' title="bbox 163 1501 757 1566; baseline -0.002 -15"><span class='ocrx_word' id='word_1_95' title='bbox 163 1504 226 1552; x_wconf 85' lang='lat' dir='ltr'>clun</span> <span class='ocrx_word' id='word_1_96' title='bbox 235 1502 313 1550; x_wconf 88' lang='lat' dir='ltr'>medio</span> <span class='ocrx_word' id='word_1_97' title='bbox 323 1502 407 1549; x_wconf 80' lang='lat' dir='ltr'>celeres</span> <span class='ocrx_word' id='word_1_98' title='bbox 416 1501 523 1549; x_wconf 86' lang='lat' dir='ltr'>revolant</span> <span class='ocrx_word' id='word_1_99' title='bbox 532 1516 560 1549; x_wconf 81' lang='lat' dir='ltr'>er</span> <span class='ocrx_word' id='word_1_100' title='bbox 569 1517 663 1565; x_wconf 70' lang='lat' dir='ltr'>equore</span> <span class='ocrx_word' id='word_1_101' title='bbox 671 1501 757 1566; x_wconf 78' lang='lat' dir='ltr'>mergi,</span> 
     </span>
     <span class='ocr_line' id='line_1_17' title="bbox 165 1578 792 1644; baseline -0.002 -15"><span class='ocrx_word' id='word_1_102' title='bbox 165 1582 343 1644; x_wconf 78' lang='lat' dir='ltr'>clamoremque</span> <span class='ocrx_word' id='word_1_103' title='bbox 353 1578 432 1629; x_wconf 83' lang='lat' dir='ltr'>ferunt</span> <span class='ocrx_word' id='word_1_104' title='bbox 441 1580 471 1629; x_wconf 85' lang='lat' dir='ltr'>ad</span> <span class='ocrx_word' id='word_1_105' title='bbox 480 1580 572 1639; x_wconf 84' lang='lat' dir='ltr'>littore;</span> <span class='ocrx_word' id='word_1_106' title='bbox 583 1582 686 1644; x_wconf 71' lang='lat' dir='ltr'>eumque</span> <span class='ocrx_word' id='word_1_107' title='bbox 692 1580 792 1629; x_wconf 75' lang='lat' dir='ltr'>marina)</span> 
     </span>
     <span class='ocr_line' id='line_1_18' title="bbox 165 1658 687 1724; baseline -0.004 -16"><span class='ocrx_word' id='word_1_108' title='bbox 165 1663 194 1708; x_wconf 92' lang='lat' dir='ltr'>ln</span> <span class='ocrx_word' id='word_1_109' title='bbox 202 1661 263 1708; x_wconf 84' lang='lat' dir='ltr'>eicco</span> <span class='ocrx_word' id='word_1_110' title='bbox 272 1659 359 1708; x_wconf 91' lang='lat' dir='ltr'>ludunt</span> <span class='ocrx_word' id='word_1_111' title='bbox 368 1658 456 1718; x_wconf 56' lang='lat' dir='ltr'>fulicam</span> <span class='ocrx_word' id='word_1_112' title='bbox 466 1670 580 1724; x_wconf 88' lang='lat' dir='ltr'>notasque</span> <span class='ocrx_word' id='word_1_113' title='bbox 589 1658 687 1724; x_wconf 85' lang='lat' dir='ltr'>paludes</span> 
     </span>
     <span class='ocr_line' id='line_1_19' title="bbox 165 1736 770 1803; baseline 0.003 -17"><span class='ocrx_word' id='word_1_114' title='bbox 165 1739 270 1799; x_wconf 72' lang='lat' dir='ltr'>Deseh&#39;t,</span> <span class='ocrx_word' id='word_1_115' title='bbox 280 1751 350 1803; x_wconf 87' lang='lat' dir='ltr'>atque</span> <span class='ocrx_word' id='word_1_116' title='bbox 360 1737 432 1786; x_wconf 81' lang='lat' dir='ltr'>altam</span> <span class='ocrx_word' id='word_1_117' title='bbox 440 1753 512 1802; x_wconf 88' lang='lat' dir='ltr'>supra</span> <span class='ocrx_word' id='word_1_118' title='bbox 521 1738 586 1787; x_wconf 80' lang='lat' dir='ltr'>volat</span> <span class='ocrx_word' id='word_1_119' title='bbox 595 1737 664 1785; x_wconf 81' lang='lat' dir='ltr'>ardea</span> <span class='ocrx_word' id='word_1_120' title='bbox 674 1736 770 1788; x_wconf 87' lang='lat' dir='ltr'>nubem.</span> 
     </span>
     <span class='ocr_line' id='line_1_20' title="bbox 165 1815 767 1882; baseline -0.005 -15"><span class='ocrx_word' id='word_1_121' title='bbox 165 1819 231 1882; x_wconf 76' lang='lat' dir='ltr'>Saepe</span> <span class='ocrx_word' id='word_1_122' title='bbox 241 1819 311 1866; x_wconf 85' lang='lat' dir='ltr'>etlam</span> <span class='ocrx_word' id='word_1_123' title='bbox 320 1816 488 1874; x_wconf 80' lang='lat' dir='ltr'>stellae,rento</span> <span class='ocrx_word' id='word_1_124' title='bbox 499 1815 661 1880; x_wconf 85' lang='lat' dir='ltr'>impendente,</span> <span class='ocrx_word' id='word_1_125' title='bbox 675 1815 767 1864; x_wconf 85' lang='lat' dir='ltr'>videbis</span> 
     </span>
     <span class='ocr_line' id='line_1_21' title="bbox 165 1893 744 1961; baseline -0.007 -18"><span class='ocrx_word' id='word_1_126' title='bbox 165 1896 296 1961; x_wconf 70' lang='lat' dir='ltr'>Peucipites</span> <span class='ocrx_word' id='word_1_127' title='bbox 306 1896 366 1943; x_wconf 89' lang='lat' dir='ltr'>ooelo</span> <span class='ocrx_word' id='word_1_128' title='bbox 374 1894 436 1955; x_wconf 86' lang='lat' dir='ltr'>labi&#39;,</span> <span class='ocrx_word' id='word_1_129' title='bbox 445 1897 566 1960; x_wconf 88' lang='lat' dir='ltr'>noctisque</span> <span class='ocrx_word' id='word_1_130' title='bbox 576 1910 619 1958; x_wconf 88' lang='lat' dir='ltr'>per</span> <span class='ocrx_word' id='word_1_131' title='bbox 627 1893 744 1942; x_wconf 74' lang='lat' dir='ltr'>umbram</span> 
     </span>
     <span class='ocr_line' id='line_1_22' title="bbox 165 1973 749 2039; baseline -0.007 -16"><span class='ocrx_word' id='word_1_132' title='bbox 165 1974 326 2023; x_wconf 84' lang='lat' dir='ltr'>Flammarum</span> <span class='ocrx_word' id='word_1_133' title='bbox 334 1973 417 2038; x_wconf 77' lang='lat' dir='ltr'>longos</span> <span class='ocrx_word' id='word_1_134' title='bbox 427 1974 441 2020; x_wconf 69' lang='lat' dir='ltr'>a</span> <span class='ocrx_word' id='word_1_135' title='bbox 450 1985 515 2039; x_wconf 77' lang='lat' dir='ltr'>tergo</span> <span class='ocrx_word' id='word_1_136' title='bbox 524 1973 638 2021; x_wconf 83' lang='lat' dir='ltr'>albescere</span> <span class='ocrx_word' id='word_1_137' title='bbox 648 1984 749 2031; x_wconf 51' lang='lat' dir='ltr'>nactum</span> 
     </span>
     <span class='ocr_line' id='line_1_23' title="bbox 165 2050 780 2118; baseline 0.005 -18"><span class='ocrx_word' id='word_1_138' title='bbox 165 2055 232 2118; x_wconf 71' lang='lat' dir='ltr'>sepe</span> <span class='ocrx_word' id='word_1_139' title='bbox 241 2053 318 2100; x_wconf 80' lang='lat' dir='ltr'>levem</span> <span class='ocrx_word' id='word_1_140' title='bbox 327 2050 419 2116; x_wconf 76' lang='lat' dir='ltr'>poleam</span> <span class='ocrx_word' id='word_1_141' title='bbox 428 2063 451 2099; x_wconf 85' lang='lat' dir='ltr'>et</span> <span class='ocrx_word' id='word_1_142' title='bbox 460 2050 554 2101; x_wconf 83' lang='lat' dir='ltr'>frondes</span> <span class='ocrx_word' id='word_1_143' title='bbox 563 2052 660 2100; x_wconf 82' lang='lat' dir='ltr'>volitare</span> <span class='ocrx_word' id='word_1_144' title='bbox 669 2051 780 2103; x_wconf 71' lang='lat' dir='ltr'>aeduus,</span> 
     </span>
     <span class='ocr_line' id='line_1_24' title="bbox 166 2129 753 2195; baseline -0.005 -15"><span class='ocrx_word' id='word_1_145' title='bbox 166 2129 215 2180; x_wconf 70' lang='lat' dir='ltr'>Aut</span> <span class='ocrx_word' id='word_1_146' title='bbox 225 2131 318 2181; x_wconf 71' lang='lat' dir='ltr'>summa</span> <span class='ocrx_word' id='word_1_147' title='bbox 327 2142 410 2179; x_wconf 84' lang='lat' dir='ltr'>nantes</span> <span class='ocrx_word' id='word_1_148' title='bbox 419 2130 444 2179; x_wconf 90' lang='lat' dir='ltr'>in</span> <span class='ocrx_word' id='word_1_149' title='bbox 455 2132 516 2194; x_wconf 66' lang='lat' dir='ltr'>eque</span> <span class='ocrx_word' id='word_1_150' title='bbox 525 2130 641 2179; x_wconf 77' lang='lat' dir='ltr'>colludere</span> <span class='ocrx_word' id='word_1_151' title='bbox 651 2129 753 2195; x_wconf 86' lang='lat' dir='ltr'>plumas.</span> 
     </span>
    </p>

    <p class='ocr_par' dir='ltr' id='par_1_7' title="bbox 166 2207 825 2824">
     <span class='ocr_line' id='line_1_25' title="bbox 205 2207 817 2275; baseline -0.003 -19"><span class='ocrx_word' id='word_1_152' title='bbox 205 2208 239 2258; x_wconf 76' lang='lat' dir='ltr'>At</span> <span class='ocrx_word' id='word_1_153' title='bbox 247 2212 325 2275; x_wconf 82' lang='lat' dir='ltr'>Boreoe</span> <span class='ocrx_word' id='word_1_154' title='bbox 335 2209 364 2258; x_wconf 90' lang='lat' dir='ltr'>de</span> <span class='ocrx_word' id='word_1_155' title='bbox 374 2221 440 2274; x_wconf 88' lang='lat' dir='ltr'>parte</span> <span class='ocrx_word' id='word_1_156' title='bbox 450 2210 522 2258; x_wconf 86' lang='lat' dir='ltr'>trucis</span> <span class='ocrx_word' id='word_1_157' title='bbox 531 2210 586 2257; x_wconf 81' lang='lat' dir='ltr'>clrm</span> <span class='ocrx_word' id='word_1_158' title='bbox 595 2207 717 2267; x_wconf 77' lang='lat' dir='ltr'>fulminet,</span> <span class='ocrx_word' id='word_1_159' title='bbox 727 2218 752 2256; x_wconf 90' lang='lat' dir='ltr'>et</span> <span class='ocrx_word' id='word_1_160' title='bbox 757 2207 817 2254; x_wconf 84' lang='lat' dir='ltr'>cbm</span> 
     </span>
     <span class='ocr_line' id='line_1_26' title="bbox 166 2285 786 2354; baseline -0.006 -17"><span class='ocrx_word' id='word_1_161' title='bbox 166 2287 271 2353; x_wconf 81' lang='lat' dir='ltr'>Eurique</span> <span class='ocrx_word' id='word_1_162' title='bbox 281 2286 430 2354; x_wconf 81' lang='lat' dir='ltr'>Zephyrique</span> <span class='ocrx_word' id='word_1_163' title='bbox 441 2298 507 2338; x_wconf 92' lang='lat' dir='ltr'>tonat</span> <span class='ocrx_word' id='word_1_164' title='bbox 515 2287 611 2348; x_wconf 88' lang='lat' dir='ltr'>domus;</span> <span class='ocrx_word' id='word_1_165' title='bbox 621 2287 700 2335; x_wconf 82' lang='lat' dir='ltr'>omnia</span> <span class='ocrx_word' id='word_1_166' title='bbox 710 2285 786 2351; x_wconf 84' lang='lat' dir='ltr'>plenis</span> 
     </span>
     <span class='ocr_line' id='line_1_27' title="bbox 166 2366 752 2432; baseline -0.002 -18"><span class='ocrx_word' id='word_1_167' title='bbox 166 2368 231 2414; x_wconf 84' lang='lat' dir='ltr'>Rura</span> <span class='ocrx_word' id='word_1_168' title='bbox 240 2377 322 2414; x_wconf 89' lang='lat' dir='ltr'>natant</span> <span class='ocrx_word' id='word_1_169' title='bbox 332 2366 412 2426; x_wconf 76' lang='lat' dir='ltr'>fossis,</span> <span class='ocrx_word' id='word_1_170' title='bbox 422 2378 492 2432; x_wconf 86' lang='lat' dir='ltr'>etque</span> <span class='ocrx_word' id='word_1_171' title='bbox 502 2366 580 2415; x_wconf 89' lang='lat' dir='ltr'>omnis</span> <span class='ocrx_word' id='word_1_172' title='bbox 588 2367 667 2415; x_wconf 80' lang='lat' dir='ltr'>navita</span> <span class='ocrx_word' id='word_1_173' title='bbox 677 2376 752 2430; x_wconf 91' lang='lat' dir='ltr'>ponto</span> 
     </span>
     <span class='ocr_line' id='line_1_28' title="bbox 167 2440 825 2512; baseline -0.003 -18"><span class='ocrx_word' id='word_1_174' title='bbox 167 2443 270 2494; x_wconf 84' lang='lat' dir='ltr'>Humida</span> <span class='ocrx_word' id='word_1_175' title='bbox 280 2445 332 2492; x_wconf 79' lang='lat' dir='ltr'>vela</span> <span class='ocrx_word' id='word_1_176' title='bbox 341 2445 404 2510; x_wconf 75' lang='lat' dir='ltr'>legit</span> <span class='ocrx_word' id='word_1_177' title='bbox 413 2447 541 2510; x_wconf 72' lang='lat' dir='ltr'>Nunquam</span> <span class='ocrx_word' id='word_1_178' title='bbox 551 2444 740 2512; x_wconf 83' lang='lat' dir='ltr'>imprudentibus</span> <span class='ocrx_word' id='word_1_179' title='bbox 750 2440 825 2492; x_wconf 83' lang='lat' dir='ltr'>imber</span> 
     </span>
     <span class='ocr_line' id='line_1_29' title="bbox 166 2522 714 2594; baseline 0 -21"><span class='ocrx_word' id='word_1_180' title='bbox 166 2523 252 2573; x_wconf 84' lang='lat' dir='ltr'>Obsuit</span> <span class='ocrx_word' id='word_1_181' title='bbox 261 2540 267 2570; x_wconf 79' lang='lat' dir='ltr'>z</span> <span class='ocrx_word' id='word_1_182' title='bbox 279 2535 320 2571; x_wconf 89' lang='lat' dir='ltr'>aut</span> <span class='ocrx_word' id='word_1_183' title='bbox 328 2524 396 2572; x_wconf 87' lang='lat' dir='ltr'>illum</span> <span class='ocrx_word' id='word_1_184' title='bbox 406 2536 540 2594; x_wconf 67' lang='lat' dir='ltr'>surgentem</span> <span class='ocrx_word' id='word_1_185' title='bbox 548 2523 651 2574; x_wconf 84' lang='lat' dir='ltr'>vallibus</span> <span class='ocrx_word' id='word_1_186' title='bbox 660 2522 714 2573; x_wconf 77' lang='lat' dir='ltr'>imis</span> 
     </span>
     <span class='ocr_line' id='line_1_30' title="bbox 166 2601 681 2668; baseline 0.002 -18"><span class='ocrx_word' id='word_1_187' title='bbox 166 2602 242 2652; x_wconf 65' lang='lat' dir='ltr'>Acriae</span> <span class='ocrx_word' id='word_1_188' title='bbox 252 2601 332 2668; x_wconf 76' lang='lat' dir='ltr'>fugere</span> <span class='ocrx_word' id='word_1_189' title='bbox 340 2618 422 2668; x_wconf 76' lang='lat' dir='ltr'>grues5</span> <span class='ocrx_word' id='word_1_190' title='bbox 433 2614 475 2654; x_wconf 79' lang='lat' dir='ltr'>eut</span> <span class='ocrx_word' id='word_1_191' title='bbox 482 2601 583 2662; x_wconf 86' lang='lat' dir='ltr'>bucula,</span> <span class='ocrx_word' id='word_1_192' title='bbox 593 2604 681 2652; x_wconf 85' lang='lat' dir='ltr'>eoelum&#39;</span> 
     </span>
     <span class='ocr_line' id='line_1_31' title="bbox 166 2680 719 2746; baseline -0.004 -15"><span class='ocrx_word' id='word_1_193' title='bbox 166 2680 312 2746; x_wconf 83' lang='lat' dir='ltr'>Suspiciens,</span> <span class='ocrx_word' id='word_1_194' title='bbox 321 2681 409 2746; x_wconf 77' lang='lat' dir='ltr'>patulis</span> <span class='ocrx_word' id='word_1_195' title='bbox 419 2680 523 2746; x_wconf 78' lang='lat' dir='ltr'>captavit</span> <span class='ocrx_word' id='word_1_196' title='bbox 532 2682 629 2731; x_wconf 80' lang='lat' dir='ltr'>naribus</span> <span class='ocrx_word' id='word_1_197' title='bbox 637 2697 719 2740; x_wconf 80' lang='lat' dir='ltr'>auree3</span> 
     </span>
     <span class='ocr_line' id='line_1_32' title="bbox 168 2752 743 2824; baseline 0 -17"><span class='ocrx_word' id='word_1_198' title='bbox 168 2758 217 2808; x_wconf 72' lang='lat' dir='ltr'>Aut</span> <span class='ocrx_word' id='word_1_199' title='bbox 226 2772 307 2824; x_wconf 66' lang='lat' dir='ltr'>arguta</span> <span class='ocrx_word' id='word_1_200' title='bbox 314 2760 378 2808; x_wconf 82' lang='lat' dir='ltr'>lacus</span> <span class='ocrx_word' id='word_1_201' title='bbox 387 2752 582 2809; x_wconf 79' lang='lat' dir='ltr'>cireennvolitavit</span> <span class='ocrx_word' id='word_1_202' title='bbox 592 2758 707 2819; x_wconf 69' lang='lat' dir='ltr'>arundo,</span> <span class='ocrx_word' id='word_1_203' title='bbox 740 2788 743 2793; x_wconf 97' lang='lat'>-</span> 
     </span>
    </p>

    <p class='ocr_par' dir='ltr' id='par_1_8' title="bbox 70 2838 727 3062">
     <span class='ocr_line' id='line_1_33' title="bbox 167 2838 727 2907; baseline 0.004 -23"><span class='ocrx_word' id='word_1_204' title='bbox 167 2840 198 2885; x_wconf 85' lang='lat' dir='ltr'>Et</span> <span class='ocrx_word' id='word_1_205' title='bbox 207 2849 309 2886; x_wconf 81' lang='lat' dir='ltr'>veterem</span> <span class='ocrx_word' id='word_1_206' title='bbox 318 2838 343 2888; x_wconf 90' lang='lat' dir='ltr'>in</span> <span class='ocrx_word' id='word_1_207' title='bbox 352 2839 482 2907; x_wconf 19' lang='lat' dir='ltr'>limo-ranae</span> <span class='ocrx_word' id='word_1_208' title='bbox 490 2839 594 2888; x_wconf 75' lang='lat' dir='ltr'>cecinere</span> <span class='ocrx_word' id='word_1_209' title='bbox 601 2839 727 2902; x_wconf 84' lang='lat' dir='ltr'>querelem.</span> 
     </span>
     <span class='ocr_line' id='line_1_34' title="bbox 167 2915 679 2985; baseline 0.008 -22"><span class='ocrx_word' id='word_1_210' title='bbox 167 2915 257 2982; x_wconf 75' lang='lat' dir='ltr'>sepia·</span> <span class='ocrx_word' id='word_1_211' title='bbox 267 2927 290 2967; x_wconf 88' lang='lat' dir='ltr'>et</span> <span class='ocrx_word' id='word_1_212' title='bbox 299 2917 365 2971; x_wconf 80' lang='lat' dir='ltr'>tectis</span> <span class='ocrx_word' id='word_1_213' title='bbox 372 2917 532 2985; x_wconf 77' lang='lat' dir='ltr'>pensualibue</span> <span class='ocrx_word' id='word_1_214' title='bbox 541 2917 626 2969; x_wconf 67' lang='lat' dir='ltr'>ntulit</span> <span class='ocrx_word' id='word_1_215' title='bbox 633 2932 679 2968; x_wconf 85' lang='lat' dir='ltr'>ore</span> 
     </span>
     <span class='ocr_line' id='line_1_35' title="bbox 70 2995 270 3062; baseline -0.005 -13"><span class='ocrx_word' id='word_1_216' title='bbox 70 3020 73 3024; x_wconf 85' lang='grc'><strong>“</strong></span> <span class='ocrx_word' id='word_1_217' title='bbox 168 3011 195 3049; x_wconf 56' lang='lat' dir='ltr'>ve</span> <span class='ocrx_word' id='word_1_218' title='bbox 206 2995 270 3062; x_wconf 65' lang='lat'>329·</span> 
     </span>
    </p>
   </div>
   <div class='ocr_carea' id='block_1_5' title="bbox 0 0 1001 3772">
    <p class='ocr_par' dir='ltr' id='par_1_9' title="bbox 0 0 1001 3772">
     <span class='ocr_line' id='line_1_36' title="bbox 0 0 1001 3772; baseline 0 0"><span class='ocrx_word' id='word_1_219' title='bbox 0 0 1001 3772; x_wconf 95' lang='lat' dir='ltr'> </span> 
     </span>
    </p>
   </div>
  </div>
 </body>
</html>
