1974 3772
127 287 145 337 8
336 278 468 335 rnatu·
486 278 660 336 vinorum

416 399 433 430 n
440 398 456 432 A
462 399 511 433 ram
517 400 533 432 r
539 397 555 432 Α
562 401 579 432 a.

127 466 165 514 An
171 462 244 522 mihi,
252 464 368 513 cantando
378 464 455 512 victus
465 499 471 523 ‚
486 481 534 511 non
543 463 650 512 redderet
660 463 698 512 ille

128 550 208 608 Quem
217 559 269 592 mea
278 542 422 592 carminibus
431 543 553 591 meruisset
563 539 641 590 fistula
651 539 767 606 caprum?

128 623 152 672 si
162 623 248 673 nescia.
258 638 325 670 meua
336 622 375 670 ille
385 638 454 691 caper
463 619 522 683 fuit3
534 615 626 669 etmihi
641 625 733 669 Damon

28 687 37 695 ⁶
128 705 180 766 lpse
188 697 316 760 fatebatur,
326 701 366 749 sed
376 700 472 749 reddere
482 716 550 765 poese
560 700 666 765 negabat.

413 792 583 829 uertices.

127 858 250 908 Cantando
260 869 287 908 tu
296 856 382 907 illum?
393 858 443 906 Aut
452 860 559 922 iniquam
569 857 613 905 tibi
624 854 701 905 fietula
711 859 764 905 ceri

127 944 212 988 Juncta
222 935 284 986 fuit?
295 942 349 986 Non
359 948 386 986 tu
395 938 420 985 in
430 937 519 995 triviis,
530 936 635 993 indocte,
645 936 736 984 colebas

128 1016 239 1066 stridenti
249 1017 362 1065 miserum
371 1016 458 1081 stipuld
468 1015 600 1079 disperdere
610 1011 722 1062 oormenl·

216 1146 218 1150 Α
414 1108 578 1144 nauoeraa

126 1175 170 1226 vis
180 1191 234 1239 ergo
245 1178 306 1223 inter
315 1191 359 1222 noe
368 1174 427 1238 quid
436 1174 511 1239 possit
520 1185 619 1236 uterque
629 1171 732 1220 vicissim

126 1250 299 1318 Experiamur?
309 1255 360 1318 Ego
369 1249 431 1301 hano
440 1253 540 1300 titulam
551 1253 592 1316 (ne
603 1251 661 1299 sorte
671 1254 779 1310 reeuaee',

47 1363 56 1395 p
95 1332 165 1421 (⁸⁵⁵
175 1331 241 1380 venit
250 1331 280 1379 ad
289 1332 427 1388 mulctram,
440 1330 509 1378 binos
517 1331 558 1378 alit
568 1331 640 1378 ubere
650 1328 723 1392 setus)

0 1461 1 1466 ,
15 1398 60 1489 'sit
72 1412 111 1459 β*
128 1413 229 1477 Depono
239 1427 245 1456 ι
256 1421 284 1457 tu
294 1408 433 1458 dirmetum
443 1426 492 1474 quo
501 1409 599 1474 pime
608 1422 688 1457 certes.

18 1492 27 1505 ““
412 1500 581 1536 unaaacas.

40 1501 59 1639 l(
128 1569 163 1616 De
173 1581 240 1632 grege
251 1582 299 1613 uon
310 1566 386 1614 anaim
395 1565 522 1635 quidquam
531 1567 648 1630 deponere
659 1579 755 1615 tecum:

74 1662 85 1688 a
128 1650 171 1694 Est
179 1643 240 1693 mihi
249 1661 352 1709 namque
362 1645 427 1694 domi
434 1658 512 1711 pater,
521 1658 555 1694 est
564 1643 651 1708 injuste
661 1660 776 1705 noverca;
869 1640 871 1645 ’

127 1725 213 1788 Bisque
222 1723 260 1772 die
271 1736 396 1774 numerant
406 1727 477 1773 embo
485 1741 570 1790 pecus,
581 1725 639 1772 alter
647 1736 671 1772 et
681 1721 769 1772 haedos.
811 1774 818 1793 f
870 1786 872 1793 4

127 1805 231 1862 Verium,
242 1803 266 1851 id
276 1803 342 1866 quod
351 1805 428 1852 multo
437 1817 487 1852 tute
498 1805 546 1867 ipae
557 1801 658 1860 fatebere
668 1800 757 1866 maiae,
777 1801 827 1855 s!
835 1795 859 1853 ι’ἷ,
870 1796 872 1823 ¹

127 1882 232 1930 lusanire
241 1882 299 1929 libet
308 1883 422 1944 quoniam
432 1882 488 1938 tibi,
498 1881 582 1945 pocula
593 1896 681 1944 ponam

127 1959 226 2025 Pagina,
236 1960 345 2020 caelatum
354 1959 429 2008 divini
438 1976 499 2024 opus
509 1959 677 2007 Alcimedontis
685 1976 692 2020 ;

128 2042 201 2090 Lenta
212 2038 299 2102 quibus
309 2050 378 2086 torno
388 2039 450 2087 sacili
459 2038 609 2104 superaddita
615 2039 670 2086 vitia

852 1908 872 1951 'l

128 2117 231 2165 Diffiuoa
240 2114 327 2165 hedeni
337 2118 406 2165 vestit
415 2119 517 2183 pallente
526 2118 658 2184 corymbos.

105 2244 109 2251 ,
126 2200 157 2245 In
165 2195 243 2244 medio
253 2195 302 2244 duo
311 2196 376 2260 signa
386 2199 497 2255 :Conon,
507 2209 537 2245 et.
547 2234 553 2246 .
564 2233 570 2245 .
583 2233 588 2243 .
599 2197 652 2260 quis
662 2195 708 2244 fuit
718 2192 789 2244 alter?

128 2273 255 2338 Descripsit
264 2274 329 2323 radio
340 2287 417 2324 totum
426 2277 468 2340 qui
479 2278 587 2343 gentibue
597 2276 691 2329 orbem,

127 2357 245 2419 Tempora
254 2369 308 2417 quae
317 2369 420 2413 messor,
430 2372 484 2420 quae
493 2372 580 2404 curans
589 2366 666 2403 arator
675 2353 780 2403 haberet.

129 2422 235 2482 Necdum
245 2432 290 2480 illie
300 2433 365 2480 lahre
376 2433 481 2493 admovi,
491 2434 532 2483 aed
541 2435 635 2482 condita
645 2449 720 2481 servo.

416 2529 433 2562 o
439 2527 532 2562 amoer
539 2528 579 2561 Aa.

127 2595 159 2639 Fr
168 2590 237 2638 nobie
246 2589 309 2639 idem
318 2590 457 2640 Alcimedon
468 2593 516 2641 duo
525 2593 610 2656 poeula
619 2592 685 2651 fecit,

128 2673 159 2717 Et
167 2669 234 2716 molli
243 2669 332 2716 circum
342 2681 377 2718 est
387 2687 453 2719 ansas
463 2673 584 2736 amplexus
594 2668 705 2728 acantl103'

34 2778 40 2787 ι
127 2745 269 2812 Orpheaque
280 2748 305 2795 in
314 2749 392 2797 medio
401 2751 492 2814 posuit,
503 2751 620 2813 silvaeque
629 2760 759 2812 sequentea

128 2825 235 2875 Necdum
243 2827 288 2875 illis
298 2826 364 2876 labre
375 2828 481 2888 admovi,
491 2829 532 2877 aed
541 2829 634 2877 condita
644 2844 718 2876 servo.

127 2905 152 2953 si
162 2905 192 2952 ad
202 2905 301 2954 riudam
311 2919 412 2972 spectes,
422 2905 482 2956 nihil
491 2920 526 2957 eat
535 2908 600 2974 quod
609 2907 694 2974 pocula
701 2905 788 2957 laudet.

131 3002 155 3037 r.
168 2985 214 3048 48.
