1974 3772
172 210 225 281 32²
375 189 505 255 ruam
524 207 696 260 vtnernrr

171 310 271 356 Ferreus
280 304 311 353 ad
320 316 394 354 costes
403 304 451 353 alto
461 316 507 353 stat
516 307 613 352 vulnere
621 320 712 352 mucro.

172 385 272 434 Labitur
280 385 416 450 mengum
425 385 539 432 labuntur
548 381 631 448 frigida
640 383 689 431 leto
725 394 728 408 ⁴
809 392 815 399 ·

172 464 288 524 Lumina3
298 479 433 528 purpureus
443 462 564 527 quondm
573 463 637 510 oolor
646 479 687 510 ora
696 461 803 526 reliquit.

171 545 236 592 'l'rlnt
245 543 278 592 sle
287 544 405 607 exspirans
414 543 512 599 Accam,
523 557 551 588 ex
560 539 690 604 aequalibus
700 558 790 600 unam,

173 622 320 686 Alloquitur,
330 617 377 670 fids
386 632 440 669 ente
450 620 506 668 alies
515 636 569 685 quae
579 620 627 668 sola
637 620 755 678 (mille,

174 704 280 766 Quicum
287 700 369 765 partin'
379 716 460 759 euras3
471 711 541 764 etque
550 698 600 748 hee
610 699 643 747 ita
652 699 716 747 fatur
726 717 732 746 z
761 730 770 734 -

204 776 343 837 'Hactenun
353 779 415 828 Aeee
425 795 503 838 somr,
511 780 592 844 potui:
602 795 667 827 nunc
677 779 766 827 vulnus
777 783 896 832 acerbum
914 828 919 833 ,

172 855 432 920 oonfidt,ettenebrie
441 859 575 923 nigrescunt
584 857 663 906 omnia
673 857 769 906 circum
958 851 961 858 ’

173 939 256 1003 Effuge
261 973 268 996 ,
278 949 302 987 et
311 935 361 986 hec
370 941 452 986 Turno
462 937 572 985 mandata
578 936 708 984 novissima
717 936 798 1001 perfer
808 956 815 984 z

172 1016 286 1066 succedat
295 1031 394 1082 pugnae,
403 1014 564 1080 Troianosque
575 1027 650 1063 areeet
659 1015 726 1064 urbe.

172 1092 273 1160 lamque
283 1096 341 1144 vale.
352 1095 428 1144 Simul
436 1092 474 1144 his
484 1095 550 1143 dietis
559 1093 683 1158 linquebat
691 1091 811 1155 habenas,
911 1096 920 1108 ³

174 1175 212 1223 Aa
222 1188 308 1224 terram
317 1191 366 1223 non
376 1187 459 1240 sponte
467 1173 549 1223 ssueus.
560 1175 623 1221 Tum
631 1171 715 1241 frigide
725 1185 776 1222 tote

174 1255 290 1304 Paulatim
300 1254 402 1303 exsolvit
411 1271 436 1303 se
445 1270 554 1318 corpore,
563 1253 672 1318 lentaque
682 1253 743 1300 mlle

173 1337 205 1382 Et
214 1346 310 1398 ceptum
319 1333 367 1382 leto
376 1333 457 1398 posuit
465 1346 549 1398 ceput,
559 1349 623 1380 arma
631 1331 784 1396 relinquens;

171 1406 275 1477 vitaque
285 1429 341 1461 cum
350 1413 438 1478 gemitu
448 1413 509 1479 sugit
518 1412 637 1478 indignata
647 1410 693 1459 sub
702 1411 809 1483 umbras
833 1427 836 1430 ·

211 1494 276 1540 Tum
284 1492 341 1540 verd
351 1493 479 1543 immensam
488 1507 584 1556 surgens
593 1489 647 1539 serit
656 1506 726 1548 enred
735 1490 827 1540 elamor

173 1571 253 1621 Sidera
264 1589 270 1618 ε
281 1568 371 1634 dejettd
380 1570 494 1620 crudescit
503 1586 583 1636 pugne
592 1569 699 1619 camille

174 1655 301 1699 lncumrnt
310 1650 376 1699 densi
386 1651 457 1700 simul
466 1649 546 1698 omnis
552 1649 619 1713 eopia
628 1649 757 1708 Teanum,

172 1727 371 1797 Tyrrhenumque
381 1728 465 1789 duees,
474 1729 625 1793 Evandrique
634 1727 732 1776 Arcadis
745 1729 796 1777 alte.

213 1808 246 1858 At
255 1808 340 1856 Triviae
350 1820 427 1858 eustos
437 1807 577 1872 jamdudum
586 1808 611 1856 in
620 1807 743 1855 montibus
753 1809 813 1872 Opis
826 1871 830 1874 ῃ

174 1886 228 1935 Alta
238 1888 302 1936 sedet
309 1889 420 1948 summis,
430 1899 565 1954 spectatque
575 1887 679 1935 interrita
689 1903 789 1952 pugnae.

174 1969 254 2030 thue
263 1968 346 2031 procul
356 1967 434 2014 medio
445 1966 559 2030 juvenum
569 1967 594 2014 in
604 1966 705 2015 elamore
715 1965 839 2031 furentum

174 2045 297 2108 Pmspexit
306 2044 366 2092 tristi
376 2045 500 2094 multatam
510 2058 585 2094 morte
595 2045 732 2106 Camillam

176 2123 350 2188 Ingentesque,
360 2123 472 2188 deditque
481 2122 523 2173 has
532 2125 580 2173 imo
591 2137 684 2190 pectore
694 2141 764 2174 voees
775 2144 784 2180 a

175 2204 240 2251 Heu!
253 2202 353 2251 nimium
361 2238 367 2260 ,
375 2205 454 2270 virgo,
464 2205 566 2252 nimium
575 2205 668 2253 crudele
677 2205 743 2253 luisti

174 2282 336 2347 Supplicium,
345 2287 447 2332 Teucros
457 2287 539 2333 renate
548 2285 657 2332 lacessere
667 2284 731 2332 belle
740 2285 746 2331 Ε

175 2365 222 2410 Nee
232 2354 276 2410 tibi
286 2362 381 2412 deserte
391 2364 416 2411 in
426 2363 504 2412 dumis
514 2365 612 2412 coluisse
623 2364 723 2410 Dianam

174 2441 278 2498 Profuit,
290 2453 330 2489 aut
340 2454 430 2490 nostras
438 2441 537 2491 humero
547 2443 642 2508 gessisse
651 2439 781 2506 pharetras.

175 2524 228 2568 Non
238 2531 316 2568 tamen
327 2521 459 2570 indecorem
469 2533 510 2570 tue
520 2535 542 2570 te
553 2522 631 2586 regina
640 2521 738 2584 reliquit

175 2602 284 2648 Extreml
294 2597 341 2663 jam
352 2601 376 2647 in
386 2612 475 2659 morte;
486 2618 562 2665 neque
572 2598 616 2648 hoe
626 2600 676 2647 sine
686 2599 784 2649 nomine
793 2592 870 2649 letum

174 2682 219 2726 Per
228 2691 307 2744 gentes
317 2680 373 2736 erit,
384 2691 425 2728 aut
435 2676 522 2729 famam
531 2681 625 2745 patieris
635 2678 724 2726 inultae.

175 2761 234 2805 Nam
244 2759 380 2822 quicunque
390 2771 459 2807 tuum
469 2761 566 2809 violavit
574 2759 671 2808 vulnere
681 2773 782 2825 eorpus,

95 2871 97 2876 2
174 2841 250 2886 Morte
260 2838 309 2886 luet
319 2839 407 2888 merite.
419 2839 475 2887 Fuit
485 2840 566 2903 ingens
576 2848 656 2887 monte
666 2836 713 2884 suh
725 2837 773 2886 elto

56 3308 228 3548 t»

177 2934 203 2968 v.
221 2919 285 2983 849.
