<?xml version="1.0" encoding="UTF-8"?>
<!DOCTYPE html PUBLIC "-//W3C//DTD XHTML 1.0 Transitional//EN"
    "http://www.w3.org/TR/xhtml1/DTD/xhtml1-transitional.dtd">
<html xmlns="http://www.w3.org/1999/xhtml" xml:lang="en" lang="en">
 <head>
  <title>
</title>
<meta http-equiv="Content-Type" content="text/html;charset=utf-8" />
  <meta name='ocr-system' content='tesseract 3.04.00' />
  <meta name='ocr-capabilities' content='ocr_page ocr_carea ocr_par ocr_line ocrx_word'/>
</head>
<body>
  <div class='ocr_page' id='page_1' title='image "./bucolicageorgic01virggoog_0325.png"; bbox 0 0 1974 3772; ppageno 0'>
   <div class='ocr_carea' id='block_1_1' title="bbox 135 217 669 305">
    <p class='ocr_par' dir='ltr' id='par_1_1' title="bbox 135 217 669 305">
     <span class='ocr_line' id='line_1_1' title="bbox 135 217 669 305; baseline -0.013 -13"><span class='ocrx_word' id='word_1_1' title='bbox 135 241 189 292; x_wconf 71' lang='lat' dir='ltr'>aaa</span> <span class='ocrx_word' id='word_1_2' title='bbox 215 257 222 267; x_wconf 39' lang='lat'><strong>⁵</strong></span> <span class='ocrx_word' id='word_1_3' title='bbox 347 217 478 288; x_wconf 79' lang='lat' dir='ltr'>euicit</span> <span class='ocrx_word' id='word_1_4' title='bbox 495 240 669 305; x_wconf 61' lang='lat' dir='ltr'>vracmrr</span> 
     </span>
    </p>
   </div>
   <div class='ocr_carea' id='block_1_2' title="bbox 134 337 815 2927">
    <p class='ocr_par' dir='ltr' id='par_1_2' title="bbox 134 337 795 798">
     <span class='ocr_line' id='line_1_2' title="bbox 134 337 734 402; baseline -0.008 -11"><span class='ocrx_word' id='word_1_5' title='bbox 134 339 221 391; x_wconf 85' lang='lat' dir='ltr'>Tendit</span> <span class='ocrx_word' id='word_1_6' title='bbox 231 339 256 387; x_wconf 89' lang='lat' dir='ltr'>in</span> <span class='ocrx_word' id='word_1_7' title='bbox 265 337 387 398; x_wconf 70' lang='lat' dir='ltr'>advenas,</span> <span class='ocrx_word' id='word_1_8' title='bbox 397 354 468 402; x_wconf 84' lang='lat' dir='ltr'>seque</span> <span class='ocrx_word' id='word_1_9' title='bbox 478 337 504 386; x_wconf 91' lang='lat' dir='ltr'>in</span> <span class='ocrx_word' id='word_1_10' title='bbox 512 353 556 386; x_wconf 83' lang='lat' dir='ltr'>sua</span> <span class='ocrx_word' id='word_1_11' title='bbox 564 338 653 402; x_wconf 75' lang='lat' dir='ltr'>mlligit</span> <span class='ocrx_word' id='word_1_12' title='bbox 663 353 734 386; x_wconf 82' lang='lat' dir='ltr'>arma.</span> 
     </span>
     <span class='ocr_line' id='line_1_3' title="bbox 137 416 795 485; baseline -0.006 -17"><span class='ocrx_word' id='word_1_13' title='bbox 137 423 181 469; x_wconf 83' lang='lat' dir='ltr'>Hic</span> <span class='ocrx_word' id='word_1_14' title='bbox 189 430 275 469; x_wconf 83' lang='lat' dir='ltr'>mactat</span> <span class='ocrx_word' id='word_1_15' title='bbox 283 417 391 477; x_wconf 63' lang='lat' dir='ltr'>Mona,</span> <span class='ocrx_word' id='word_1_16' title='bbox 401 416 561 485; x_wconf 74' lang='lat' dir='ltr'>Pheretaque,</span> <span class='ocrx_word' id='word_1_17' title='bbox 571 417 795 482; x_wconf 75' lang='lat' dir='ltr'>Demodocnmqne5</span> 
     </span>
     <span class='ocr_line' id='line_1_4' title="bbox 136 494 656 566; baseline -0.012 -18"><span class='ocrx_word' id='word_1_18' title='bbox 136 499 272 566; x_wconf 71' lang='lat' dir='ltr'>Strymonio</span> <span class='ocrx_word' id='word_1_19' title='bbox 282 498 388 546; x_wconf 81' lang='lat' dir='ltr'>dextram</span> <span class='ocrx_word' id='word_1_20' title='bbox 397 494 496 560; x_wconf 67' lang='lat' dir='ltr'>fulgenti</span> <span class='ocrx_word' id='word_1_21' title='bbox 506 496 592 560; x_wconf 82' lang='lat' dir='ltr'>deripit</span> <span class='ocrx_word' id='word_1_22' title='bbox 602 511 656 543; x_wconf 84' lang='lat' dir='ltr'>ense</span> 
     </span>
     <span class='ocr_line' id='line_1_5' title="bbox 134 573 709 642; baseline -0.01 -15"><span class='ocrx_word' id='word_1_23' title='bbox 134 578 227 627; x_wconf 80' lang='lat' dir='ltr'>Elatum</span> <span class='ocrx_word' id='word_1_24' title='bbox 238 577 263 624; x_wconf 88' lang='lat' dir='ltr'>in</span> <span class='ocrx_word' id='word_1_25' title='bbox 273 575 395 642; x_wconf 68' lang='lat' dir='ltr'>jugulum</span> <span class='ocrx_word' id='word_1_26' title='bbox 406 591 462 623; x_wconf 80' lang='lat' dir='ltr'>saxo</span> <span class='ocrx_word' id='word_1_27' title='bbox 473 574 526 623; x_wconf 85' lang='lat' dir='ltr'>serit</span> <span class='ocrx_word' id='word_1_28' title='bbox 534 591 576 622; x_wconf 87' lang='lat' dir='ltr'>ora</span> <span class='ocrx_word' id='word_1_29' title='bbox 584 573 709 632; x_wconf 80' lang='lat' dir='ltr'><strong>Thoantis,</strong></span> 
     </span>
     <span class='ocr_line' id='line_1_6' title="bbox 134 653 707 721; baseline -0.007 -16"><span class='ocrx_word' id='word_1_30' title='bbox 134 661 241 720; x_wconf 70' lang='lat' dir='ltr'>Demque</span> <span class='ocrx_word' id='word_1_31' title='bbox 251 654 363 721; x_wconf 70' lang='lat' dir='ltr'>dispergit</span> <span class='ocrx_word' id='word_1_32' title='bbox 370 653 467 702; x_wconf 77' lang='lat' dir='ltr'>cerebra</span> <span class='ocrx_word' id='word_1_33' title='bbox 478 655 592 718; x_wconf 87' lang='lat' dir='ltr'>permixta</span> <span class='ocrx_word' id='word_1_34' title='bbox 602 665 707 701; x_wconf 80' lang='lat' dir='ltr'>cruenta.</span> 
     </span>
     <span class='ocr_line' id='line_1_7' title="bbox 136 733 698 798; baseline -0.011 -13"><span class='ocrx_word' id='word_1_35' title='bbox 136 738 195 785; x_wconf 82' lang='lat' dir='ltr'>Fata</span> <span class='ocrx_word' id='word_1_36' title='bbox 204 750 289 783; x_wconf 87' lang='lat' dir='ltr'>canens</span> <span class='ocrx_word' id='word_1_37' title='bbox 298 733 364 783; x_wconf 87' lang='lat' dir='ltr'>silvis</span> <span class='ocrx_word' id='word_1_38' title='bbox 372 733 464 798; x_wconf 84' lang='lat' dir='ltr'>genitor</span> <span class='ocrx_word' id='word_1_39' title='bbox 473 733 559 781; x_wconf 72' lang='lat' dir='ltr'>celarat</span> <span class='ocrx_word' id='word_1_40' title='bbox 568 733 681 781; x_wconf 77' lang='lat' dir='ltr'>Halesum</span> <span class='ocrx_word' id='word_1_41' title='bbox 691 749 698 779; x_wconf 76' lang='lat' dir='ltr'>z</span> 
     </span>
    </p>

    <p class='ocr_par' dir='ltr' id='par_1_3' title="bbox 135 811 620 869">
     <span class='ocr_line' id='line_1_8' title="bbox 135 811 620 869; baseline -0.008 -6"><span class='ocrx_word' id='word_1_42' title='bbox 135 817 171 863; x_wconf 86' lang='lat' dir='ltr'>Ut</span> <span class='ocrx_word' id='word_1_43' title='bbox 179 814 257 862; x_wconf 85' lang='lat' dir='ltr'>senior</span> <span class='ocrx_word' id='word_1_44' title='bbox 263 812 311 863; x_wconf 85' lang='lat' dir='ltr'>leto</span> <span class='ocrx_word' id='word_1_45' title='bbox 321 813 428 860; x_wconf 78' lang='lat' dir='ltr'>canentia</span> <span class='ocrx_word' id='word_1_46' title='bbox 437 812 528 859; x_wconf 89' lang='lat' dir='ltr'>lumina</span> <span class='ocrx_word' id='word_1_47' title='bbox 536 811 620 869; x_wconf 85' lang='lat' dir='ltr'>solvit,</span> 
     </span>
    </p>

    <p class='ocr_par' dir='ltr' id='par_1_4' title="bbox 135 890 759 1427">
     <span class='ocr_line' id='line_1_9' title="bbox 136 890 685 956; baseline -0.007 -15"><span class='ocrx_word' id='word_1_48' title='bbox 136 891 237 956; x_wconf 68' lang='lat' dir='ltr'>lujecere</span> <span class='ocrx_word' id='word_1_49' title='bbox 247 908 346 940; x_wconf 90' lang='lat' dir='ltr'>manum</span> <span class='ocrx_word' id='word_1_50' title='bbox 355 895 432 938; x_wconf 77' lang='lat' dir='ltr'>Parcae</span> <span class='ocrx_word' id='word_1_51' title='bbox 438 890 554 954; x_wconf 85' lang='lat' dir='ltr'>‚telisque</span> <span class='ocrx_word' id='word_1_52' title='bbox 564 893 685 938; x_wconf 74' lang='lat' dir='ltr'>samanmt</span> 
     </span>
     <span class='ocr_line' id='line_1_10' title="bbox 135 968 732 1035; baseline -0.007 -16"><span class='ocrx_word' id='word_1_53' title='bbox 135 970 253 1020; x_wconf 86' lang='lat' dir='ltr'>Evandri·</span> <span class='ocrx_word' id='word_1_54' title='bbox 248 986 338 1035; x_wconf 87' lang='lat' dir='ltr'>,quem</span> <span class='ocrx_word' id='word_1_55' title='bbox 346 970 379 1019; x_wconf 85' lang='lat' dir='ltr'>sic</span> <span class='ocrx_word' id='word_1_56' title='bbox 389 969 464 1018; x_wconf 86' lang='lat' dir='ltr'>Pallas</span> <span class='ocrx_word' id='word_1_57' title='bbox 473 969 533 1032; x_wconf 90' lang='lat' dir='ltr'>petit</span> <span class='ocrx_word' id='word_1_58' title='bbox 543 968 597 1017; x_wconf 76' lang='lat' dir='ltr'>ant&#39;d</span> <span class='ocrx_word' id='word_1_59' title='bbox 606 979 732 1032; x_wconf 79' lang='lat' dir='ltr'>precatus:</span> 
     </span>
     <span class='ocr_line' id='line_1_11' title="bbox 136 1046 773 1115; baseline -0.005 -18"><span class='ocrx_word' id='word_1_60' title='bbox 136 1054 172 1098; x_wconf 84' lang='lat' dir='ltr'>Da</span> <span class='ocrx_word' id='word_1_61' title='bbox 182 1065 246 1099; x_wconf 90' lang='lat' dir='ltr'>nunc</span> <span class='ocrx_word' id='word_1_62' title='bbox 252 1048 343 1115; x_wconf 81' lang='lat' dir='ltr'>,Tybri</span> <span class='ocrx_word' id='word_1_63' title='bbox 353 1061 432 1113; x_wconf 87' lang='lat' dir='ltr'>pater,</span> <span class='ocrx_word' id='word_1_64' title='bbox 442 1047 503 1097; x_wconf 76' lang='lat' dir='ltr'>ferro</span> <span class='ocrx_word' id='word_1_65' title='bbox 510 1047 592 1114; x_wconf 85' lang='lat' dir='ltr'>,quod</span> <span class='ocrx_word' id='word_1_66' title='bbox 600 1046 687 1095; x_wconf 80' lang='lat' dir='ltr'>missile</span> <span class='ocrx_word' id='word_1_67' title='bbox 696 1046 773 1104; x_wconf 81' lang='lat' dir='ltr'>liban,</span> 
     </span>
     <span class='ocr_line' id='line_1_12' title="bbox 136 1125 733 1192; baseline -0.009 -15"><span class='ocrx_word' id='word_1_68' title='bbox 136 1131 267 1177; x_wconf 82' lang='lat' dir='ltr'><strong>Fortunam</strong></span> <span class='ocrx_word' id='word_1_69' title='bbox 277 1139 347 1192; x_wconf 88' lang='lat' dir='ltr'>atque</span> <span class='ocrx_word' id='word_1_70' title='bbox 356 1127 421 1176; x_wconf 82' lang='lat' dir='ltr'>viam</span> <span class='ocrx_word' id='word_1_71' title='bbox 429 1127 485 1176; x_wconf 85' lang='lat' dir='ltr'>duri</span> <span class='ocrx_word' id='word_1_72' title='bbox 493 1143 536 1192; x_wconf 93' lang='lat' dir='ltr'>per</span> <span class='ocrx_word' id='word_1_73' title='bbox 544 1137 626 1191; x_wconf 85' lang='lat' dir='ltr'>pectus</span> <span class='ocrx_word' id='word_1_74' title='bbox 636 1125 733 1173; x_wconf 78' lang='lat' dir='ltr'>Halesi·</span> 
     </span>
     <span class='ocr_line' id='line_1_13' title="bbox 136 1201 747 1272; baseline -0.007 -16"><span class='ocrx_word' id='word_1_75' title='bbox 136 1211 192 1257; x_wconf 76' lang='lat' dir='ltr'>Haec</span> <span class='ocrx_word' id='word_1_76' title='bbox 202 1223 266 1256; x_wconf 89' lang='lat' dir='ltr'>arma</span> <span class='ocrx_word' id='word_1_77' title='bbox 276 1208 419 1272; x_wconf 67' lang='lat' dir='ltr'>auumque</span> <span class='ocrx_word' id='word_1_78' title='bbox 429 1205 473 1254; x_wconf 79' lang='lat' dir='ltr'>viri</span> <span class='ocrx_word' id='word_1_79' title='bbox 482 1217 523 1254; x_wconf 87' lang='lat' dir='ltr'>tua</span> <span class='ocrx_word' id='word_1_80' title='bbox 532 1220 633 1270; x_wconf 86' lang='lat' dir='ltr'>querens</span> <span class='ocrx_word' id='word_1_81' title='bbox 642 1201 747 1252; x_wconf 81' lang='lat' dir='ltr'>habehit</span> 
     </span>
     <span class='ocr_line' id='line_1_14' title="bbox 135 1283 719 1346; baseline -0.009 -9"><span class='ocrx_word' id='word_1_82' title='bbox 135 1287 221 1337; x_wconf 77' lang='lat' dir='ltr'>Audiit</span> <span class='ocrx_word' id='word_1_83' title='bbox 230 1286 270 1334; x_wconf 89' lang='lat' dir='ltr'>illa</span> <span class='ocrx_word' id='word_1_84' title='bbox 281 1291 358 1346; x_wconf 86' lang='lat' dir='ltr'>Deus;</span> <span class='ocrx_word' id='word_1_85' title='bbox 368 1285 428 1334; x_wconf 81' lang='lat' dir='ltr'>dum</span> <span class='ocrx_word' id='word_1_86' title='bbox 436 1285 494 1334; x_wconf 81' lang='lat' dir='ltr'>texit</span> <span class='ocrx_word' id='word_1_87' title='bbox 503 1290 598 1333; x_wconf 82' lang='lat' dir='ltr'>Imaona</span> <span class='ocrx_word' id='word_1_88' title='bbox 608 1283 719 1341; x_wconf 80' lang='lat' dir='ltr'>Halesus,</span> 
     </span>
     <span class='ocr_line' id='line_1_15' title="bbox 137 1349 661 1427; baseline -0.006 -14"><span class='ocrx_word' id='word_1_89' title='bbox 137 1365 238 1413; x_wconf 76' lang='lat' dir='ltr'>Arcadio</span> <span class='ocrx_word' id='word_1_90' title='bbox 247 1363 328 1412; x_wconf 77' lang='lat' dir='ltr'>infelix</span> <span class='ocrx_word' id='word_1_91' title='bbox 337 1364 385 1411; x_wconf 88' lang='lat' dir='ltr'>telo</span> <span class='ocrx_word' id='word_1_92' title='bbox 393 1363 434 1412; x_wconf 88' lang='lat' dir='ltr'>dat</span> <span class='ocrx_word' id='word_1_93' title='bbox 443 1375 526 1427; x_wconf 89' lang='lat' dir='ltr'>pectus</span> <span class='ocrx_word' id='word_1_94' title='bbox 536 1349 661 1411; x_wconf 78' lang='lat' dir='ltr'>inermum.</span> 
     </span>
    </p>

    <p class='ocr_par' dir='ltr' id='par_1_5' title="bbox 136 1441 815 2452">
     <span class='ocr_line' id='line_1_16' title="bbox 177 1441 715 1506; baseline -0.004 -16"><span class='ocrx_word' id='word_1_95' title='bbox 177 1444 209 1490; x_wconf 85' lang='lat' dir='ltr'>At</span> <span class='ocrx_word' id='word_1_96' title='bbox 219 1459 268 1490; x_wconf 89' lang='lat' dir='ltr'>non</span> <span class='ocrx_word' id='word_1_97' title='bbox 277 1442 339 1491; x_wconf 77' lang='lat' dir='ltr'>caede</span> <span class='ocrx_word' id='word_1_98' title='bbox 349 1442 469 1491; x_wconf 66' lang='lat' dir='ltr'>varanna</span> <span class='ocrx_word' id='word_1_99' title='bbox 477 1441 601 1506; x_wconf 85' lang='lat' dir='ltr'>perterrita</span> <span class='ocrx_word' id='word_1_100' title='bbox 611 1446 715 1500; x_wconf 86' lang='lat' dir='ltr'>Lausus,</span> 
     </span>
     <span class='ocr_line' id='line_1_17' title="bbox 136 1519 769 1586; baseline 0 -18"><span class='ocrx_word' id='word_1_101' title='bbox 136 1525 193 1569; x_wconf 84' lang='lat' dir='ltr'>Para</span> <span class='ocrx_word' id='word_1_102' title='bbox 203 1521 284 1586; x_wconf 75' lang='lat' dir='ltr'>ingens</span> <span class='ocrx_word' id='word_1_103' title='bbox 293 1520 364 1578; x_wconf 81' lang='lat' dir='ltr'>belli,</span> <span class='ocrx_word' id='word_1_104' title='bbox 374 1521 536 1585; x_wconf 79' lang='lat' dir='ltr'>sinitagmine</span> <span class='ocrx_word' id='word_1_105' title='bbox 547 1520 640 1568; x_wconf 81' lang='lat' dir='ltr'>Primus</span> <span class='ocrx_word' id='word_1_106' title='bbox 650 1519 769 1568; x_wconf 80' lang='lat' dir='ltr'>Abantem</span> 
     </span>
     <span class='ocr_line' id='line_1_18' title="bbox 137 1599 815 1667; baseline -0.001 -21"><span class='ocrx_word' id='word_1_107' title='bbox 137 1599 281 1664; x_wconf 84' lang='lat' dir='ltr'>Oppositum</span> <span class='ocrx_word' id='word_1_108' title='bbox 290 1599 415 1658; x_wconf 84' lang='lat' dir='ltr'>interimit,</span> <span class='ocrx_word' id='word_1_109' title='bbox 426 1615 512 1667; x_wconf 72' lang='lat' dir='ltr'>pugna</span> <span class='ocrx_word' id='word_1_110' title='bbox 522 1599 659 1664; x_wconf 89' lang='lat' dir='ltr'>nodumque</span> <span class='ocrx_word' id='word_1_111' title='bbox 668 1615 815 1664; x_wconf 82' lang='lat' dir='ltr'>moramque.</span> 
     </span>
     <span class='ocr_line' id='line_1_19' title="bbox 137 1678 732 1743; baseline -0.003 -15"><span class='ocrx_word' id='word_1_112' title='bbox 137 1679 255 1728; x_wconf 79' lang='lat' dir='ltr'>Sternitur</span> <span class='ocrx_word' id='word_1_113' title='bbox 263 1678 368 1726; x_wconf 72' lang='lat' dir='ltr'>Arcadias</span> <span class='ocrx_word' id='word_1_114' title='bbox 378 1679 455 1743; x_wconf 86' lang='lat' dir='ltr'>proles</span> <span class='ocrx_word' id='word_1_115' title='bbox 463 1697 469 1740; x_wconf 87' lang='lat'>;</span> <span class='ocrx_word' id='word_1_116' title='bbox 479 1690 617 1727; x_wconf 83' lang='lat' dir='ltr'>sternuntur</span> <span class='ocrx_word' id='word_1_117' title='bbox 626 1678 732 1739; x_wconf 79' lang='lat' dir='ltr'>Etrusci3</span> 
     </span>
     <span class='ocr_line' id='line_1_20' title="bbox 136 1757 701 1822; baseline -0.007 -16"><span class='ocrx_word' id='word_1_118' title='bbox 136 1762 169 1806; x_wconf 85' lang='lat' dir='ltr'>Et</span> <span class='ocrx_word' id='word_1_119' title='bbox 178 1773 234 1817; x_wconf 84' lang='lat' dir='ltr'>voa,</span> <span class='ocrx_word' id='word_1_120' title='bbox 243 1760 258 1806; x_wconf 84' lang='grc' dir='ltr'>ὀ</span> <span class='ocrx_word' id='word_1_121' title='bbox 267 1759 346 1806; x_wconf 83' lang='lat' dir='ltr'>Graiis</span> <span class='ocrx_word' id='word_1_122' title='bbox 355 1757 478 1822; x_wconf 86' lang='lat' dir='ltr'>imperdita</span> <span class='ocrx_word' id='word_1_123' title='bbox 488 1773 599 1822; x_wconf 84' lang='lat' dir='ltr'>corpora,</span> <span class='ocrx_word' id='word_1_124' title='bbox 609 1758 701 1805; x_wconf 86' lang='lat' dir='ltr'>Teucri.</span> 
     </span>
     <span class='ocr_line' id='line_1_21' title="bbox 137 1835 790 1902; baseline -0.002 -19"><span class='ocrx_word' id='word_1_125' title='bbox 137 1835 239 1902; x_wconf 82' lang='lat' dir='ltr'>Agmina</span> <span class='ocrx_word' id='word_1_126' title='bbox 249 1840 403 1893; x_wconf 86' lang='lat' dir='ltr'>concurrunt,</span> <span class='ocrx_word' id='word_1_127' title='bbox 411 1837 558 1900; x_wconf 78' lang='lat' dir='ltr'>ducihtuque</span> <span class='ocrx_word' id='word_1_128' title='bbox 568 1848 592 1884; x_wconf 87' lang='lat' dir='ltr'>et</span> <span class='ocrx_word' id='word_1_129' title='bbox 600 1835 691 1883; x_wconf 84' lang='lat' dir='ltr'>viribus</span> <span class='ocrx_word' id='word_1_130' title='bbox 700 1840 774 1899; x_wconf 78' lang='lat' dir='ltr'>aequis</span> <span class='ocrx_word' id='word_1_131' title='bbox 784 1855 790 1882; x_wconf 91' lang='lat'><strong>:</strong></span> 
     </span>
     <span class='ocr_line' id='line_1_22' title="bbox 136 1913 694 1974; baseline -0.002 -11"><span class='ocrx_word' id='word_1_132' title='bbox 136 1915 242 1963; x_wconf 82' lang='lat' dir='ltr'>Extremi</span> <span class='ocrx_word' id='word_1_133' title='bbox 252 1915 380 1964; x_wconf 84' lang='lat' dir='ltr'>addensent</span> <span class='ocrx_word' id='word_1_134' title='bbox 390 1916 462 1974; x_wconf 85' lang='lat' dir='ltr'>acies;</span> <span class='ocrx_word' id='word_1_135' title='bbox 473 1932 516 1964; x_wconf 89' lang='lat' dir='ltr'>nec</span> <span class='ocrx_word' id='word_1_136' title='bbox 525 1915 595 1963; x_wconf 90' lang='lat' dir='ltr'>turba</span> <span class='ocrx_word' id='word_1_137' title='bbox 604 1913 694 1963; x_wconf 81' lang='lat' dir='ltr'>moveri</span> 
     </span>
     <span class='ocr_line' id='line_1_23' title="bbox 137 1994 767 2059; baseline 0 -17"><span class='ocrx_word' id='word_1_138' title='bbox 137 1995 193 2042; x_wconf 84' lang='lat' dir='ltr'>Tela</span> <span class='ocrx_word' id='word_1_139' title='bbox 203 2009 335 2056; x_wconf 83' lang='lat' dir='ltr'>manusque</span> <span class='ocrx_word' id='word_1_140' title='bbox 344 1994 406 2041; x_wconf 88' lang='lat' dir='ltr'>sinit.</span> <span class='ocrx_word' id='word_1_141' title='bbox 418 1995 479 2041; x_wconf 85' lang='lat' dir='ltr'>Hinc</span> <span class='ocrx_word' id='word_1_142' title='bbox 488 1994 564 2043; x_wconf 85' lang='lat' dir='ltr'>Pallas</span> <span class='ocrx_word' id='word_1_143' title='bbox 573 1994 645 2043; x_wconf 84' lang='lat' dir='ltr'>instat</span> <span class='ocrx_word' id='word_1_144' title='bbox 654 2005 678 2041; x_wconf 88' lang='lat' dir='ltr'>et</span> <span class='ocrx_word' id='word_1_145' title='bbox 685 2006 767 2059; x_wconf 76' lang='lat' dir='ltr'>auget,</span> 
     </span>
     <span class='ocr_line' id='line_1_24' title="bbox 137 2070 771 2137; baseline -0.003 -16"><span class='ocrx_word' id='word_1_146' title='bbox 137 2073 199 2121; x_wconf 87' lang='lat' dir='ltr'>Hinc</span> <span class='ocrx_word' id='word_1_147' title='bbox 209 2074 290 2121; x_wconf 78' lang='lat' dir='ltr'>contra</span> <span class='ocrx_word' id='word_1_148' title='bbox 299 2075 401 2131; x_wconf 86' lang='lat' dir='ltr'>Lausus,</span> <span class='ocrx_word' id='word_1_149' title='bbox 411 2089 453 2120; x_wconf 86' lang='lat' dir='ltr'>nec</span> <span class='ocrx_word' id='word_1_150' title='bbox 463 2070 568 2120; x_wconf 74' lang='lat' dir='ltr'>multum</span> <span class='ocrx_word' id='word_1_151' title='bbox 577 2073 692 2137; x_wconf 89' lang='lat' dir='ltr'>discrepat</span> <span class='ocrx_word' id='word_1_152' title='bbox 701 2083 771 2131; x_wconf 78' lang='lat' dir='ltr'>atas,</span> 
     </span>
     <span class='ocr_line' id='line_1_25' title="bbox 137 2149 667 2217; baseline 0.002 -19"><span class='ocrx_word' id='word_1_153' title='bbox 137 2151 230 2216; x_wconf 80' lang='lat' dir='ltr'>Egregii</span> <span class='ocrx_word' id='word_1_154' title='bbox 240 2150 329 2210; x_wconf 75' lang='lat' dir='ltr'>lormd;</span> <span class='ocrx_word' id='word_1_155' title='bbox 340 2150 381 2199; x_wconf 82' lang='lat' dir='ltr'>sed</span> <span class='ocrx_word' id='word_1_156' title='bbox 390 2151 456 2215; x_wconf 87' lang='lat' dir='ltr'>queis</span> <span class='ocrx_word' id='word_1_157' title='bbox 467 2149 561 2199; x_wconf 81' lang='lat' dir='ltr'>fortuna</span> <span class='ocrx_word' id='word_1_158' title='bbox 572 2153 667 2217; x_wconf 69' lang='lat' dir='ltr'>negarat</span> 
     </span>
     <span class='ocr_line' id='line_1_26' title="bbox 137 2229 697 2294; baseline 0 -17"><span class='ocrx_word' id='word_1_159' title='bbox 137 2233 165 2277; x_wconf 88' lang='lat' dir='ltr'>In</span> <span class='ocrx_word' id='word_1_160' title='bbox 175 2229 277 2294; x_wconf 85' lang='lat' dir='ltr'>patriam</span> <span class='ocrx_word' id='word_1_161' title='bbox 286 2229 381 2278; x_wconf 86' lang='lat' dir='ltr'>reditus.</span> <span class='ocrx_word' id='word_1_162' title='bbox 393 2235 458 2294; x_wconf 80' lang='lat' dir='ltr'>Ipsos</span> <span class='ocrx_word' id='word_1_163' title='bbox 468 2246 605 2278; x_wconf 81' lang='lat' dir='ltr'>concurrere</span> <span class='ocrx_word' id='word_1_164' title='bbox 614 2246 697 2294; x_wconf 86' lang='lat' dir='ltr'>passus</span> 
     </span>
     <span class='ocr_line' id='line_1_27' title="bbox 138 2308 733 2374; baseline -0.003 -18"><span class='ocrx_word' id='word_1_165' title='bbox 138 2308 208 2358; x_wconf 83' lang='lat' dir='ltr'>Haud</span> <span class='ocrx_word' id='word_1_166' title='bbox 219 2321 297 2357; x_wconf 86' lang='lat' dir='ltr'>tamen</span> <span class='ocrx_word' id='word_1_167' title='bbox 307 2309 367 2357; x_wconf 89' lang='lat' dir='ltr'>inter</span> <span class='ocrx_word' id='word_1_168' title='bbox 377 2325 401 2357; x_wconf 86' lang='lat' dir='ltr'>se</span> <span class='ocrx_word' id='word_1_169' title='bbox 410 2309 490 2373; x_wconf 77' lang='lat' dir='ltr'>magni</span> <span class='ocrx_word' id='word_1_170' title='bbox 500 2321 607 2374; x_wconf 80' lang='lat' dir='ltr'>regnator</span> <span class='ocrx_word' id='word_1_171' title='bbox 616 2310 715 2374; x_wconf 81' lang='lat' dir='ltr'>Olympi</span> <span class='ocrx_word' id='word_1_172' title='bbox 727 2327 733 2354; x_wconf 94' lang='lat'>:</span> 
     </span>
     <span class='ocr_line' id='line_1_28' title="bbox 137 2384 704 2452; baseline -0.005 -15"><span class='ocrx_word' id='word_1_173' title='bbox 137 2391 194 2437; x_wconf 81' lang='lat' dir='ltr'>Mox</span> <span class='ocrx_word' id='word_1_174' title='bbox 201 2388 253 2436; x_wconf 86' lang='lat' dir='ltr'>illos</span> <span class='ocrx_word' id='word_1_175' title='bbox 264 2405 306 2436; x_wconf 89' lang='lat' dir='ltr'>sua</span> <span class='ocrx_word' id='word_1_176' title='bbox 316 2384 363 2438; x_wconf 87' lang='lat' dir='ltr'>sata</span> <span class='ocrx_word' id='word_1_177' title='bbox 371 2401 467 2436; x_wconf 91' lang='lat' dir='ltr'>manent</span> <span class='ocrx_word' id='word_1_178' title='bbox 476 2387 564 2452; x_wconf 84' lang='lat' dir='ltr'>majore</span> <span class='ocrx_word' id='word_1_179' title='bbox 574 2389 620 2436; x_wconf 91' lang='lat' dir='ltr'>sub</span> <span class='ocrx_word' id='word_1_180' title='bbox 629 2385 704 2435; x_wconf 83' lang='lat' dir='ltr'>hoste.</span> 
     </span>
    </p>

    <p class='ocr_par' dir='ltr' id='par_1_6' title="bbox 136 2468 777 2927">
     <span class='ocr_line' id='line_1_29' title="bbox 177 2468 736 2516; baseline -0.002 -3"><span class='ocrx_word' id='word_1_181' title='bbox 177 2469 267 2515; x_wconf 72' lang='lat' dir='ltr'>Interea</span> <span class='ocrx_word' id='word_1_182' title='bbox 277 2484 345 2516; x_wconf 87' lang='lat' dir='ltr'>soror</span> <span class='ocrx_word' id='word_1_183' title='bbox 353 2468 414 2515; x_wconf 85' lang='lat' dir='ltr'>alma</span> <span class='ocrx_word' id='word_1_184' title='bbox 423 2479 504 2515; x_wconf 88' lang='lat' dir='ltr'>monet</span> <span class='ocrx_word' id='word_1_185' title='bbox 513 2483 646 2516; x_wconf 86' lang='lat' dir='ltr'>succurrere</span> <span class='ocrx_word' id='word_1_186' title='bbox 657 2470 736 2513; x_wconf 83' lang='lat' dir='ltr'>Lauso</span> 
     </span>
     <span class='ocr_line' id='line_1_30' title="bbox 136 2546 777 2611; baseline -0.006 -18"><span class='ocrx_word' id='word_1_187' title='bbox 136 2549 258 2604; x_wconf 85' lang='lat' dir='ltr'>Turnum,</span> <span class='ocrx_word' id='word_1_188' title='bbox 269 2546 310 2611; x_wconf 86' lang='lat' dir='ltr'>qui</span> <span class='ocrx_word' id='word_1_189' title='bbox 322 2547 411 2594; x_wconf 89' lang='lat' dir='ltr'>volucri</span> <span class='ocrx_word' id='word_1_190' title='bbox 420 2564 491 2594; x_wconf 86' lang='lat' dir='ltr'>carru</span> <span class='ocrx_word' id='word_1_191' title='bbox 499 2546 605 2594; x_wconf 90' lang='lat' dir='ltr'>medium</span> <span class='ocrx_word' id='word_1_192' title='bbox 614 2556 676 2593; x_wconf 87' lang='lat' dir='ltr'>secat</span> <span class='ocrx_word' id='word_1_193' title='bbox 685 2559 777 2610; x_wconf 80' lang='lat' dir='ltr'>agmen.</span> 
     </span>
     <span class='ocr_line' id='line_1_31' title="bbox 137 2625 679 2691; baseline -0.004 -19"><span class='ocrx_word' id='word_1_194' title='bbox 137 2628 171 2673; x_wconf 89' lang='lat' dir='ltr'>Ut</span> <span class='ocrx_word' id='word_1_195' title='bbox 184 2625 244 2673; x_wconf 86' lang='lat' dir='ltr'>vidit</span> <span class='ocrx_word' id='word_1_196' title='bbox 253 2625 328 2674; x_wconf 88' lang='lat' dir='ltr'>socios</span> <span class='ocrx_word' id='word_1_197' title='bbox 339 2630 457 2691; x_wconf 87' lang='lat' dir='ltr'>:Tempus</span> <span class='ocrx_word' id='word_1_198' title='bbox 468 2625 576 2673; x_wconf 82' lang='lat' dir='ltr'>desistere</span> <span class='ocrx_word' id='word_1_199' title='bbox 585 2625 679 2689; x_wconf 65' lang='lat' dir='ltr'>pugni3</span> 
     </span>
     <span class='ocr_line' id='line_1_32' title="bbox 137 2701 700 2768; baseline -0.007 -16"><span class='ocrx_word' id='word_1_200' title='bbox 137 2704 205 2752; x_wconf 83' lang='lat' dir='ltr'>Solus</span> <span class='ocrx_word' id='word_1_201' title='bbox 216 2721 258 2768; x_wconf 80' lang='lat' dir='ltr'>ego</span> <span class='ocrx_word' id='word_1_202' title='bbox 269 2704 294 2752; x_wconf 90' lang='lat' dir='ltr'>in</span> <span class='ocrx_word' id='word_1_203' title='bbox 304 2704 408 2753; x_wconf 81' lang='lat' dir='ltr'>Pallanta</span> <span class='ocrx_word' id='word_1_204' title='bbox 418 2704 492 2763; x_wconf 75' lang='lat' dir='ltr'>feror5</span> <span class='ocrx_word' id='word_1_205' title='bbox 503 2704 546 2751; x_wconf 86' lang='lat' dir='ltr'>soli</span> <span class='ocrx_word' id='word_1_206' title='bbox 556 2701 615 2751; x_wconf 86' lang='lat' dir='ltr'>mihi</span> <span class='ocrx_word' id='word_1_207' title='bbox 625 2701 700 2749; x_wconf 84' lang='lat' dir='ltr'>Pallas</span> 
     </span>
     <span class='ocr_line' id='line_1_33' title="bbox 137 2781 764 2872; baseline -0.002 -43"><span class='ocrx_word' id='word_1_208' title='bbox 137 2783 259 2831; x_wconf 87' lang='lat' dir='ltr'>Debetur:</span> <span class='ocrx_word' id='word_1_209' title='bbox 253 2800 379 2872; x_wconf 82' lang='lat' dir='ltr'>euperem</span> <span class='ocrx_word' id='word_1_210' title='bbox 389 2783 439 2846; x_wconf 83' lang='lat' dir='ltr'>ipse</span> <span class='ocrx_word' id='word_1_211' title='bbox 448 2799 534 2847; x_wconf 86' lang='lat' dir='ltr'>parens</span> <span class='ocrx_word' id='word_1_212' title='bbox 543 2793 659 2870; x_wconf 69' lang='lat' dir='ltr'>speptator</span> <span class='ocrx_word' id='word_1_213' title='bbox 668 2781 764 2829; x_wconf 71' lang='lat' dir='ltr'>adesset</span> 
     </span>
     <span class='ocr_line' id='line_1_34' title="bbox 138 2846 657 2927; baseline 0.004 -19"><span class='ocrx_word' id='word_1_214' title='bbox 138 2864 192 2909; x_wconf 81' lang='lat' dir='ltr'>Haec</span> <span class='ocrx_word' id='word_1_215' title='bbox 203 2862 248 2924; x_wconf 81' lang='lat' dir='ltr'>ait;</span> <span class='ocrx_word' id='word_1_216' title='bbox 260 2875 283 2911; x_wconf 86' lang='lat' dir='ltr'>et</span> <span class='ocrx_word' id='word_1_217' title='bbox 291 2846 347 2912; x_wconf 85' lang='lat' dir='ltr'>socii</span> <span class='ocrx_word' id='word_1_218' title='bbox 357 2874 475 2911; x_wconf 87' lang='lat' dir='ltr'>cesserunt</span> <span class='ocrx_word' id='word_1_219' title='bbox 483 2878 577 2927; x_wconf 78' lang='lat' dir='ltr'>aquare</span> <span class='ocrx_word' id='word_1_220' title='bbox 587 2858 657 2924; x_wconf 84' lang='lat' dir='ltr'>jusso.</span> 
     </span>
    </p>
   </div>
   <div class='ocr_carea' id='block_1_3' title="bbox 138 2943 243 3006">
    <p class='ocr_par' dir='ltr' id='par_1_7' title="bbox 138 2943 243 3006">
     <span class='ocr_line' id='line_1_35' title="bbox 138 2943 243 3006; baseline -0.029 1"><span class='ocrx_word' id='word_1_221' title='bbox 138 2958 163 2992; x_wconf 80' lang='lat' dir='ltr'>v·</span> <span class='ocrx_word' id='word_1_222' title='bbox 181 2943 243 3006; x_wconf 76' lang='grc'><em>444·</em></span> 
     </span>
    </p>
   </div>
   <div class='ocr_carea' id='block_1_4' title="bbox 0 0 996 3772">
    <p class='ocr_par' dir='ltr' id='par_1_8' title="bbox 0 0 996 3772">
     <span class='ocr_line' id='line_1_36' title="bbox 0 0 996 3772; baseline 0 0"><span class='ocrx_word' id='word_1_223' title='bbox 0 0 996 3772; x_wconf 95' lang='lat' dir='ltr'> </span> 
     </span>
    </p>
   </div>
  </div>
 </body>
</html>
