1974 3772
181 268 231 331 164
387 269 516 316 PUBLII
536 269 707 317 VIRGILII

178 371 232 419 Fert
242 367 369 432 picturatas
379 382 430 414 aurr
423 365 571 414 subtemine
581 377 670 423 vestes,

176 451 208 497 Et
217 444 346 513 Phrygiam
355 445 455 493 Ascanio
466 442 630 511 chlamydem
639 461 683 494 acc
692 445 754 494 cedit
763 427 868 496 lionori:

175 525 352 590 Textilibusque
361 537 443 574 onerat
453 524 532 582 donis,
543 541 569 571 ac
579 525 634 572 talia
643 521 722 572 fatur:

176 606 263 670 Accipe
272 618 295 652 et
305 602 365 661 haec,
375 621 492 652 manuum
501 603 545 651 tibi
554 593 609 667 qua
617 617 772 654 monumenta
781 623 892 658 mearum

175 685 237 742 Sint,
245 699 315 748 puer,
326 695 349 732 et
358 684 457 748 longum
466 679 637 731 Andromacha
648 695 762 732 testentur
772 702 891 746 amoram,

175 761 288 828 Coniugis
294 764 420 812 Hectorea.
430 765 495 826 Cape
505 761 567 810 dona
576 773 678 811 exucma
688 775 798 822 tuorum,

175 839 265 892 Omihi
274 841 323 891 sola
329 843 379 890 mei
389 857 461 906 super
469 842 617 906 Astyanactis
627 842 717 907 imago!

96 969 99 974 ,
174 922 212 972 Sic
221 922 312 979 oculos,
323 922 355 969 sic
364 921 403 968 ille
413 934 509 974 manus,
519 921 551 968 sie
562 937 602 968 ora
612 919 699 968 ferebat
709 939 715 980 ;

175 1004 206 1050 Et
215 1017 279 1048 nuuc
288 1000 373 1065 aquali
383 1011 462 1048 tecum
471 999 609 1064 pubesceret
619 1015 676 1046 evo.

214 1084 263 1128 Hos
274 1095 316 1145 ego
326 1079 457 1144 digrediens
464 1079 574 1157 lacrymis
583 1077 789 1128 affahaiobortis:

142 1147 255 1212 'Vivite
265 1157 351 1215 felices,
362 1158 449 1222 qtiibus
458 1171 492 1206 est
501 1155 600 1206 fortuna
603 1169 697 1222 peracta

175 1244 229 1288 Jam
236 1255 295 1287 sua:
307 1254 349 1286 nos
360 1238 404 1285 alia
415 1254 442 1286 ex
452 1237 519 1285 aliis
513 1255 536 1284 ιιι
547 1239 594 1285 iata
605 1252 724 1288 vocamur.

174 1317 250 1371 ,Vobis
260 1329 326 1381 parta
335 1317 414 1380 quies:
425 1317 518 1364 nullum
527 1317 599 1364 matis
608 1332 689 1380 aequor
699 1314 829 1376 arandum,

175 1396 239 1444 Διιι
249 1410 325 1459 neque
336 1395 446 1444 Ausonia
457 1411 549 1460 semper
556 1395 663 1443 cedentia
672 1397 736 1443 read

176 1473 308 1538 Quaerenda
318 1491 323 1520 ι
334 1472 433 1538 effigiem
443 1473 541 1532 Xanthi,
552 1471 694 1538 Trojamque
704 1474 788 1522 vidctis
796 1467 810 1535 ‚⁵

176 1559 256 1619 Quam
265 1565 346 1602 vestrae
357 1553 430 1602 secere
440 1571 540 1602 manus.
551 1553 697 1612 melioribus,
708 1565 766 1618 opto
776 1586 792 1615 ,
880 1597 887 1615 ,

177 1633 301 1697 Auspiciis
312 1644 336 1680 et
344 1650 398 1697 quae
408 1632 478 1714 fuerit
487 1634 565 1683 miuus
575 1631 741 1681 obaiafiraiis
767 1620 835 1688 tut
826 1622 910 1699 tst
881 1652 910 1682 ο
903 1640 946 1676 ἰι
948 1618 984 1679 ἴ(

174 1713 199 1760 Si
209 1712 305 1776 quandb
314 1704 436 1760 Tibrim
414 1713 536 1777 vicinaque
546 1711 649 1759 'libridis
660 1727 714 1758 arva

175 1794 275 1848 latraro,
286 1792 396 1857 gentique
405 1808 464 1842 meoe
473 1792 526 1839 data
536 1790 623 1839 moenia
632 1805 739 1847 cernam,

174 1874 289 1934 Cognatas
299 1871 370 1918 urbes
379 1871 448 1928 olim,
458 1872 607 1934 populosque
614 1871 774 1934 propinquos,

175 1951 259 2013 Epiro,
272 1949 392 2013 Hesperii,
402 1949 489 2012 quibus
500 1950 563 1997 idem
573 1948 696 1996 Dardanus
706 1960 803 2007 auctor,

174 2029 252 2092 Atque
262 2027 325 2075 idem
335 2043 413 2085 casus,
423 2044 496 2074 uriam
507 2025 620 2080 sociemus
628 2040 754 2091 utramque
814 2042 820 2051 ’

173 2105 269 2171 Trojam
278 2108 361 2154 sainna
370 2125 376 2153 ε
385 2118 478 2154 maneat
488 2119 579 2155 nostros
590 2123 616 2155 ea
626 2123 680 2154 cura
691 2118 795 2170 nepotes.
807 2080 818 2135 i
827 2093 836 2137 i·

212 2184 369 2236 Provehimur
378 2185 460 2251 pelago
471 2187 547 2234 vicina
556 2186 672 2235 Ceraunia
682 2184 760 2248 juxta,

173 2266 259 2313 Unde
253 2279 296 2313 tter
307 2266 407 2325 ltaliam,
417 2282 544 2328 cursusque
553 2265 705 2312 brevissimus
716 2264 794 2312 undis.

173 2345 212 2393 Sol
222 2345 270 2392 ruit
281 2346 378 2402 inseret,
389 2357 412 2393 et
421 2356 512 2393 montes
521 2345 662 2392 umbrantur
673 2343 748 2407 opaci,

173 2424 303 2471 Stcruimur
313 2436 397 2488 optatae
408 2425 496 2488 gremio
506 2425 595 2472 telluris
606 2422 636 2470 ad
645 2422 748 2479 undam,
789 2448 802 2481 ·.
836 2434 845 2474 ι

173 2503 252 2550 Sortiti
263 2519 338 2549 remos
343 2504 493 2566 ‚passimque
504 2505 528 2550 in
538 2502 643 2551 littore'
624 2518 684 2549 sicco

172 2583 277 2646 Corpora
286 2599 395 2630 curamus
406 2601 411 2628 :
424 2581 494 2630 fessos
505 2600 575 2648 sopor
585 2582 664 2645 irrigat
675 2591 745 2629 artus.

211 2661 318 2708 Necdum
328 2662 410 2710 orbem
418 2662 523 2710 medium
533 2677 580 2709 nox
589 2659 654 2708 horis
663 2671 713 2708 acta
724 2659 823 2707 subibat
834 2679 841 2706 ι

173 2740 241 2787 Hand
253 2741 328 2806 segnis
339 2753 410 2789 strato
421 2743 494 2808 surgit
504 2741 638 2797 Palinurus,
648 2751 672 2787 et
682 2754 764 2786 omnes

173 2820 285 2882 Explornt
294 2832 387 2877 ventos,
399 2832 469 2883 ιιιφιο
480 2821 576 2868 auribus
587 2825 639 2868 adra
648 2829 743 2886 captat:

173 2897 252 2945 Sidera
260 2911 344 2950 cuncta
355 2911 420 2948 notat
431 2899 499 2991 tacito
510 2899 613 2949 labentia
622 2897 732 2962 coelos(

173 2974 279 3029 v..515
714 2940 765 3090 ip

830 2381 891 2455 ι
