1974 3772
118 260 172 320 loo
330 259 459 306 pontit
479 259 652 307 vincturi

117 358 164 404 Pro
173 353 239 403 [ctio
248 353 365 412 obtestor,
375 370 419 420 pro
427 353 547 418 majestate
557 367 655 406 tuorum
664 375 671 406 ε

59 427 66 437 ’
116 436 180 484 Cum
190 432 238 496 jem
248 433 373 483 connubiis
382 450 463 499 paoem
473 432 580 484 felicibus
591 434 670 501 (esto)

116 517 281 578 component3
292 515 348 562 cbm
356 509 404 576 jem
412 514 475 579 leget
485 524 508 561 et
520 512 609 564 l'oedere
619 513 734 582 jungent;

117 596 152 641 Ne
163 605 230 641 vetut
240 592 359 658 indigenae
369 609 456 641 nomen
464 604 555 642 mutere
566 594 675 655 Latinos,
715 618 718 626 ·

116 675 171 723 Neu
177 674 250 719 Troes
260 668 310 720 lieri
320 670 412 736 jubeat,
421 677 571 739 Teucrosque
581 675 673 729 vocari,

117 751 169 801 Aut
177 767 259 799 vocem
268 763 361 799 mutare
371 751 447 811 ticos,
453 738 499 800 'aut
508 765 598 800 vertere
608 765 692 801 vestes.

117 832 153 880 Sit
163 830 269 887 intirim,
279 829 328 878 tint
336 829 423 877 Albani
433 846 476 895 per
485 831 562 878 secula
571 846 636 894 reges
647 850 654 891 3

116 909 152 960 sit
163 912 268 957 Romane
278 921 363 974 potent
373 909 431 956 tull
440 909 526 956 virtute
534 925 656 974 propago:

115 987 221 1045 Occidit,
231 987 388 1051 occideritque
398 987 460 1035 oinct
469 1003 525 1035 cum
534 989 630 1036 nomine
639 987 720 1051 Troia.

156 1067 205 1115 Olli
215 1066 339 1115 subridens
348 1064 474 1115 bominum
482 1082 609 1129 rerumque
619 1079 728 1131 repertor¹
738 1087 744 1115 :

116 1150 149 1196 Et
158 1162 268 1212 germana
277 1147 357 1203 lovis,
366 1147 506 1211 Sutumique
516 1145 587 1193 altere
597 1146 689 1210 proles,

117 1228 210 1274 irarum
219 1236 297 1273 tentos
306 1225 383 1273 volvis
393 1225 439 1273 cub
447 1238 541 1290 pectore
551 1224 651 1273 ssucttn!

116 1306 208 1358 Verum
218 1321 273 1370 age,
283 1316 307 1352 et
316 1306 435 1368 inceptum
446 1301 531 1352 fruetrlt
541 1303 654 1352 submitte
664 1304 770 1354 furorem
783 1325 788 1353 :

49 1420 55 1427 .
117 1386 154 1432 Do
163 1383 229 1448 quod
237 1383 287 1444 vis;
297 1395 321 1432 et
329 1398 367 1431 me
378 1382 501 1447 victusque
511 1383 639 1447 volensque
650 1385 753 1433 remitto.

116 1463 254 1511 Sermonem
264 1463 364 1510 Ausonii
373 1463 477 1526 petrium
485 1478 607 1524 moresque
617 1462 749 1523 tenebunt3

116 1543 197 1606 thue
208 1554 256 1602 est,
266 1558 353 1590 nomen
363 1543 421 1590 erit:
433 1541 552 1591 commixti
562 1557 659 1606 corpore
669 1553 738 1591 tento

116 1610 245 1670 Subsident
254 1622 338 1669 Teucri
349 1639 355 1668 ι
365 1635 456 1670 morem
465 1621 569 1684 ritusque
579 1637 699 1669 sacrorum

117 1698 246 1764 Adjicitur,
256 1701 478 1765 faciemque'omneo
488 1717 537 1750 uno
546 1716 586 1748 ore
597 1700 701 1748 Latinos.
712 1708 725 1717 “

118 1779 179 1828 llinc
189 1795 275 1845 genus,
286 1780 392 1829 Ausonio
402 1781 503 1830 mixtum
511 1781 576 1846 quod
584 1781 699 1845 sanguine
709 1791 802 1848 surget,

116 1860 193 1924 Supra
203 1857 324 1919 homines,
334 1875 405 1925 supra
416 1860 449 1908 ire
460 1865 521 1909 Deos
530 1861 616 1925 pietnte
625 1859 734 1920 videbie5

117 1942 164 1987 Nec
174 1954 230 2002 gem
240 1939 289 1986 ulle
299 1951 353 1987 tuos
361 1943 427 2004 reque
436 1941 563 1988 celebrabit
572 1938 681 1987 bonores.

156 2017 249 2065 Annuit
258 2016 295 2064 bis
304 2023 317 2066 J
320 2035 378 2075 uno,
389 2029 413 2066 et
421 2031 526 2066 mentem
535 2020 612 2067 laetctc
621 2020 723 2067 retorsit,

117 2098 208 2144 lnterelt
218 2096 307 2145 excedit
317 2097 389 2154 coelo,
400 2097 536 2161 nubemque
547 2099 648 2162 reliquit.

117 2177 160 2224 His
170 2176 238 2232 actis,
249 2175 314 2223 uliud
324 2176 423 2223 Genitor
433 2193 513 2224 secum
523 2177 572 2241 ipse
583 2177 688 2235 volutct3

117 2261 291 2319 Juturnnmque
301 2267 368 2320 purat
379 2253 455 2304 fratris
466 2256 581 2304 dimittere
592 2256 622 2302 ub
633 2255 711 2303 armis.

118 2336 235 2383 Dicuntur
245 2335 342 2399 gemiuae
353 2347 441 2400 pestes,
452 2336 590 2400 cognomine
601 2335 676 2391 Dirce,

119 2418 185 2477 Ques
195 2426 218 2461 et
227 2418 362 2461 Tartaream
373 2418 424 2463 Nox
434 2414 573 2478 intempesta
583 2417 709 2479 ltlegaeram

117 2496 173 2540 Uno
184 2493 313 2557 eodemque
324 2494 378 2541 tulit
386 2506 468 2558 portu,
477 2494 620 2558 paribusque
630 2492 734 2540 revinxit

117 2574 258 2637 Serpentum
267 2573 348 2636 spiris,
359 2585 513 2637 ventosasque
521 2572 611 2621 addidit
621 2573 675 2619 alas.

117 2657 160 2700 11ae
171 2654 236 2701 Jovis
247 2652 276 2699 od
286 2652 384 2710 solium,
395 2652 497 2718 saevique
507 2652 533 2699 in
543 2653 623 2699 limine
633 2650 708 2716 regis,

118 2732 252 2795 Apparent‚
263 2743 397 2797 acuuntque
408 2744 498 2779 metum
507 2731 646 2779 mortalibus
657 2730 738 2794 aegris,

118 2810 142 2858 Si
153 2810 248 2874 quando
258 2811 333 2858 letum
342 2808 479 2859 horrificum
488 2812 629 2875 morbosque
640 2812 720 2858 Deitm
732 2825 774 2858 rex

117 2891 227 2947 Molitur,
238 2891 332 2938 meritos
341 2902 382 2940 aut
391 2891 453 2940 bello
464 2892 554 2940 territat
563 2891 640 2940 urbes.

118 2988 144 3020 r.
163 2970 225 3020 852.

15 3394 153 3512 X>
