1974 3772
158 275 206 338 140
366 277 494 322 runnu
515 276 683 326 vlncrnrr

153 372 270 436 Sanguine
282 361 422 430 loedantem,
432 388 493 436 quos
502 373 551 437 ipse
561 385 702 433 sacraverat,
713 374 783 440 ignes.
810 394 812 399 ·

153 452 331 516 Quinquaginta
342 451 376 498 illi
385 448 495 510 thalami,
506 468 558 515 spes
568 465 632 500 tanta
643 465 770 518 nepotum,

153 530 275 581 Barbarion
284 525 362 596 postes
373 547 430 578 auro
440 531 567 596 spoliisque
578 531 686 596 superbi,

152 610 300 659 Procubulre
312 627 317 657 :
328 622 409 658 tenent
419 611 506 668 Danai,
516 612 563 674 qui
573 608 652 658 deficit
661 611 729 676 ignis.
747 623 751 627 ⁴

191 662 299 737 Porsitan
309 701 332 737 et
341 689 427 737 Priami
437 687 524 737 fuerint
533 706 586 754 quae
596 691 656 748 fata,
667 691 788 755 requiras.'

152 768 223 816 Urbis
231 769 273 816 ubi
283 780 357 832 captat
365 784 455 826 casum,
465 768 625 832 convulsaque
635 768 695 817 vidit

152 847 244 896 Limina
254 855 382 906 tectorum,
392 859 416 896 et
425 847 531 896 medium
541 848 565 894 in
575 848 736 911 penetralibus
745 846 853 910 hostem,

151 926 224 974 Arma
233 925 276 974 din
285 927 363 975 senior
372 926 467 974 desueta
475 927 628 974 trementibus
636 943 689 975 aevu
784 951 788 960 ·

150 1005 286 1055 eircumda
296 1007 453 1070 nequicquam
461 1003 578 1062 humeris,
588 1017 612 1052 et
620 1006 704 1054 inutile
714 1005 803 1056 sermm

150 1084 272 1150 Cingitur,
280 1101 307 1132 ae
316 1084 401 1133 densos
411 1083 485 1133 fertur
493 1085 620 1132 moriturus
630 1085 656 1132 in
666 1082 751 1134 hostes.

190 1163 291 1212 AEdibus
301 1164 326 1212 in
335 1163 430 1222 mediis,
441 1163 553 1228 nudoque
562 1163 608 1212 sub
617 1161 709 1213 retheris
720 1181 772 1224 axe,

152 1247 235 1308 Ingens
246 1260 285 1291 ara
295 1243 340 1291 suit
346 1279 353 1303 ,
363 1243 475 1308 juxtique
485 1244 608 1291 veterrima
617 1243 699 1292 laurus

151 1323 293 1370 incumbens
302 1338 360 1381 arm,
369 1335 439 1386 atque
449 1321 533 1370 umbri
543 1323 664 1386 complexa
673 1325 778 1371 Penates.

150 1402 195 1449 Hic
205 1400 301 1449 Hecuba
312 1412 335 1448 et
344 1413 404 1465 natm
415 1400 573 1465 nequicquam
581 1401 662 1450 altaria
672 1402 772 1460 circum,

150 1481 282 1545 Prtaeipites
291 1481 340 1528 atri
350 1497 393 1528 ceu
398 1491 534 1544 tempestate
544 1481 659 1529 columbae
666 1506 678 1538 ,-

149 1559 292 1619 condensae,
303 1570 327 1607 et
337 1559 426 1608 Divum
435 1561 547 1624 amplexis
557 1559 680 1609 simulacra
689 1560 810 1610 sedebant.

150 1642 232 1702 Ipsum
241 1650 320 1687 autem
329 1639 430 1705 sumptis
439 1641 559 1695 Priamum
565 1636 710 1702 juvenilibus
721 1632 792 1688 armis

147 1719 184 1765 Ut
193 1717 253 1767 vidit
263 1736 268 1764 :
282 1721 342 1782 Quae
351 1729 418 1767 mens
429 1720 477 1766 tim
486 1716 685 1775 dira,miserrime
695 1717 796 1782 conjux,

149 1797 249 1861 impulit
258 1794 295 1845 his
305 1797 368 1864 cingi
377 1794 446 1846 telis?
457 1809 498 1846 aut
507 1798 556 1863 qub
566 1797 632 1846 ruis?
641 1797 725 1862 inquit.

149 1879 203 1924 Non
213 1876 254 1923 tali
264 1877 352 1925 auxilio
359 1894 402 1925 nec
412 1876 572 1925 defensoribus
582 1877 630 1925 istis

149 1956 253 2018 Tempus
263 1967 315 2021 eget
325 1975 331 2002 ε
343 1972 404 2014 non,
415 1957 434 2004 si
445 1957 494 2021 ipse
503 1973 571 2006 meus
581 1973 644 2006 nunc
654 1957 736 2006 afforet
746 1961 840 2007 Hector.
924 1980 929 1994 x

150 2035 202 2082 Hire
212 2032 307 2082 tandem
315 2035 415 2084 concede
426 2054 432 2083 ε
443 2033 494 2084 lraec
504 2053 542 2084 ara
552 2037 657 2085 tuebitur
666 2053 761 2095 omnes,

150 2111 199 2161 Aut
207 2113 306 2162 moriere
316 2114 393 2162 simul.
404 2116 441 2163 Sic
450 2133 490 2163 ore
500 2116 581 2175 effata,
592 2116 678 2181 recepit

151 2191 187 2240 Ad
197 2208 258 2251 sese,
270 2205 293 2242 et
302 2196 366 2244 sacri
375 2195 510 2261 longaevum
519 2195 544 2244 in
554 2195 607 2243 sede
618 2195 710 2243 locavit

188 2275 247 2320 Ecce
256 2285 334 2322 autem
343 2274 436 2340 elapsus
446 2272 532 2340 Pyrrhi
540 2275 570 2323 de
580 2274 641 2323 caede
651 2273 749 2331 Polites,

150 2354 217 2400 Unus
227 2364 338 2400 natorum
347 2355 446 2412 Priami,
456 2370 499 2418 per
508 2355 566 2412 tela,
576 2370 619 2418 par
627 2351 705 2401 hostes

149 2430 279 2478 Porticibus
289 2432 365 2498 longis
375 2431 448 2498 fugit,
458 2445 481 2480 et
489 2450 562 2482 vacua
573 2432 630 2480 atriu
640 2433 723 2480 lustrat

148 2509 245 2558 Saucius
256 2528 261 2556 z
274 2511 342 2558 illum
352 2511 435 2559 ardens
444 2512 528 2560 infesto
539 2511 636 2560 vulnere
644 2509 750 2576 Pyrrhus

148 2589 293 2652 Insequitur,
304 2587 350 2652 jam
361 2588 455 2656 jamque
465 2609 538 2640 manu
548 2602 621 2650 tenet,
631 2603 655 2638 et
663 2590 751 2655 premit
760 2587 835 2639 hasta

148 2670 181 2716 Ut
191 2668 287 2716 tandem
295 2682 347 2717 ante
358 2672 438 2718 oculos
448 2672 521 2719 erasit
531 2683 554 2718 et
564 2687 604 2718 ora
614 2681 749 2734 parentum,
803 2694 806 2701 .

148 2747 266 2805 Concidit,
277 2765 303 2796 ac
312 2750 389 2798 multo
400 2749 475 2798 vitam
483 2767 539 2797 cum
547 2749 660 2813 sanguine
670 2735 745 2796 tudie'

148 2826 192 2872 Hic
201 2826 319 2887 Priamus,
330 2845 466 2894 quanquam
477 2829 501 2877 in
511 2829 588 2877 medii
597 2826 643 2891 jam
653 2839 729 2875 morte
739 2838 844 2885 tenetur,
870 2827 874 2835 '

147 2906 201 2952 Non
210 2916 289 2956 tumen
300 2908 423 2969 abstinuit,
434 2924 477 2958 nec
487 2907 539 2965 roci
549 2908 636 2974 ireque
646 2905 758 2974 pepercit
773 2907 776 2911 ’

148 2999 174 3037 r.
192 2981 256 3049 534.
731 2986 821 3041 'f'
