1974 3772
138 223 169 260 ιι
342 211 472 258 runnu
491 196 665 263 virciirr

132 309 157 359 Si
167 295 273 357 canimus
281 295 364 366 silvas,
375 308 439 356 silvoe
449 307 497 358 sint
505 310 601 358 consule
611 309 694 374 digna.

172 388 262 436 Ultima
271 387 361 436 Cumaei
371 388 437 435 venit
444 386 493 451 jam
502 387 612 439 carminis
619 401 677 439 aetas
686 406 694 437 ,τ

58 496 61 502 ·
131 469 232 532 Magnus
241 466 273 514 ab
282 466 373 531 integro
382 467 498 515 seclorum
508 469 611 516 anteitur
619 467 685 516 ordo.

131 550 185 596 Jam
195 545 256 594 redit
265 557 288 593 et
296 545 382 610 Virgo,
392 544 492 595 redeunt
502 546 610 596 Sammia
620 562 705 612 regnu

131 630 185 674 Jam
195 641 257 674 nova
266 623 389 689 progenies
397 626 457 674 coelo
467 625 599 674 demittitur
608 625 662 674 alto.

170 708 208 750 Tu
218 703 290 752 modb
299 703 403 752 nascenti
411 720 499 769 puero,
508 721 558 771 quo
567 702 640 754 serica
649 704 755 768 primbm

133 783 240 840 Desinet,
250 799 276 830 cc
284 794 334 831 toto
345 794 424 848 surget
432 798 489 848 gens
498 799 568 832 aurea
577 782 682 840 mundo,

131 863 212 919 Casu,
223 858 275 909 fave
281 897 288 919 ‚
299 861 388 910 Lucina
399 879 405 909 ε
416 872 472 910 tuus
482 860 529 923 jam
539 857 620 927 iegnat
630 861 723 926 Apollo.

170 942 251 1004 Teque
261 940 332 999 adeo,
342 940 413 990 decus
422 939 468 989 boc
477 940 534 1000 aevi,
544 952 568 990 te
576 941 685 1000 consule,
695 939 777 1000 inibit,

131 1019 219 1078 Pollio,
230 1030 253 1067 et
262 1019 376 1084 incipient
384 1020 463 1084 magni
472 1019 597 1085 procedere
606 1035 704 1067 menses.

130 1103 165 1147 Te
173 1098 246 1155 duae,
256 1099 276 1147 si
283 1115 330 1163 qun
340 1110 437 1147 monent
446 1099 537 1147 sceleris
547 1098 642 1164 vestigia
652 1098 739 1155 nostri,

132 1178 200 1226 Irrita
209 1179 324 1242 perpetui
333 1178 426 1227 solvent
435 1177 560 1226 formidine
570 1190 648 1225 terres.

131 1257 173 1304 illc
184 1259 262 1305 Dedin
271 1257 345 1305 vitam
356 1257 464 1321 accipiet,
476 1257 588 1321 Divisque
598 1255 688 1305 videbit

86 1346 88 1350 ’
131 1335 260 1383 Permixtos
270 1333 363 1394 heroas,
373 1336 456 1399 etipse
466 1335 585 1384 videbitur
595 1334 654 1394 iuis3

130 1415 289 1477 Pacatnmqnc
298 1425 362 1479 reget
371 1414 453 1478 patriis
463 1415 591 1462 virtutibus
601 1415 691 1465 orbem.

169 1492 203 1540 At
212 1493 256 1540 tibi
265 1493 354 1557 prima,
364 1507 437 1556 puer,
447 1493 513 1543 nulio
523 1494 664 1541 munuscula
674 1491 753 1550 cultu,

131 1574 240 1618 Errantes
249 1568 347 1619 hederas
357 1572 445 1636 possim
454 1589 509 1621 cum
516 1572 612 1620 baccare
622 1572 703 1631 tellus,

129 1650 250 1714 Mixtaque
259 1649 345 1698 ridenti
355 1651 467 1699 colocasia
477 1652 561 1700 sunder
571 1650 683 1711 acantho;

131 1733 190 1794 Ipsae
200 1730 259 1778 lacte
269 1728 367 1778 domum
376 1730 477 1796 reserant
485 1731 584 1781 distenta
594 1730 689 1795 capellae

131 1809 224 1868 Ubera,
235 1825 278 1857 nec
288 1825 386 1874 magnos
395 1823 502 1858 metuent
512 1821 615 1858 armenta
625 1809 704 1856 leones
716 1825 722 1855 ε

130 1892 184 1952 Ipsa
193 1887 237 1936 tibi
247 1888 346 1937 blandos
357 1887 457 1937 fundent
466 1888 584 1936 cunabula
594 1886 671 1936 ssores.

128 1966 239 2026 Occidet3
250 1979 274 2015 et
283 1982 391 2031 serpena,
401 1979 425 2016 et
434 1967 504 2016 fallax
513 1965 586 2015 herba
596 1964 682 2015 veneni

129 2045 238 2104 Occidet3
252 2046 377 2111 Assyrium
386 2047 459 2112 vulgb
468 2058 575 2096 nascetur
584 2054 711 2093 amomum.

169 2123 202 2173 At
212 2124 282 2174 simul
292 2123 392 2175 heroum
399 2126 480 2175 laudes
489 2138 513 2174 et
523 2123 581 2174 sacta
589 2125 693 2190 parentis

130 2202 183 2254 'Jam
192 2203 281 2268 legere,
291 2217 314 2253 et
323 2220 377 2268 quic
384 2207 414 2255 sit
422 2206 509 2270 poteris
519 2219 655 2270 cognoscere
665 2202 740 2250 virtus
746 2213 754 2261 3

129 2282 197 2331 Molli
206 2274 323 2347 paulatim
332 2283 440 2333 flavescet
449 2300 546 2349 campus
556 2283 638 2340 aristi,

130 2361 275 2426 Incultisque
284 2361 372 2411 rubens
381 2363 494 2427 pendebit
507 2363 612 2412 sentibus
622 2376 682 2418 nra,

129 2446 162 2490 Et
171 2441 236 2489 durs
246 2457 346 2504 quercus
356 2442 476 2490 sudabunt
485 2442 575 2490 roscida
584 2440 664 2489 mella,

129 2521 207 2568 Pauca
216 2531 295 2568 tamen
305 2521 420 2570 suberunt
429 2522 511 2586 priscas
517 2520 613 2585 vestigia
624 2517 725 2574 fraudis,
747 2537 750 2541 ·

131 2603 191 2662 Qnae
201 2609 290 2648 tentare
299 2596 394 2647 Thetim
403 2600 505 2658 ratibus,
515 2615 568 2664 quae
578 2599 668 2664 cingere
678 2596 752 2645 muria

86 2740 89 2744 .
129 2677 237 2743 Oppida,
247 2693 301 2742 quoe
311 2676 408 2742 jubeant
417 2679 495 2727 telluri
505 2676 618 2726 infindere
628 2677 710 2724 sulcos.

129 2755 195 2804 Alter
204 2757 248 2806 erit
256 2759 308 2805 tiun
317 2757 420 2824 Tiphys,
431 2769 454 2806 et
464 2758 535 2806 altera
544 2772 596 2821 quae
606 2754 677 2804 vehat
687 2753 751 2820 Argo

130 2835 240 2885 Delector
249 2835 347 2887 heroos:
358 2848 428 2887 erunt
437 2837 507 2887 etiam
516 2837 587 2889 altera
596 2835 670 2895 bella¹

130 2931 156 2968 r.
170 2913 216 2966 35.

19 3402 96 3439 .“Ι“.ΙΙἈ.ΙΙ
204 3408 209 3419 ι

114 3438 123 3457 ΙΙ
