1974 3772
341 234 468 292 AENEIS.
488 235 557 284 mn.
578 236 642 285 Xll.
812 234 874 303 '377'

124 332 174 397 Qui
184 334 208 380 te
217 346 318 396 cumque
326 345 423 381 manent
432 335 478 382 isto
488 334 612 382 certamine
622 350 702 391 casus,

124 415 154 460 Et
164 428 201 459 me
209 446 215 469 ,
224 416 316 471 Turne,
327 423 423 460 manent
433 429 439 458 t
448 413 519 460 simul
529 411 578 461 lraec
588 413 663 461 invisa
672 412 805 480 relinquam

73 534 82 540 .
123 491 238 550 Lumina,
247 507 290 539 nec
300 507 413 556 generum
422 496 512 540 AEnean
522 492 614 556 captiva
623 492 718 542 videbo.

162 570 259 635 Accepit
269 585 351 618 rocem
361 570 470 638 lacrymis
480 570 578 620 Lavinia
587 572 683 642 matris,
730 608 735 616 .

123 650 258 716 flagrantes
268 647 363 714 perfusa
372 665 456 715 genas3
466 650 505 698 cui
514 649 631 714 plurimas
639 651 718 716 guent

122 726 227 791 Subjecit
236 728 322 787 rubor,
332 741 355 777 et
364 724 473 777 calefacta
482 745 524 793 pcr
533 745 574 777 ora
584 731 694 778 cucurrit.

123 798 209 856 Indum
219 807 347 872 sanguineo
358 808 431 856 veluti
441 808 564 857 violaverit
573 820 636 857 ostro

122 886 146 934 Si
157 886 210 951 quis
221 887 293 944 ebur;
304 899 345 936 aut
354 888 426 935 mixta
436 887 523 936 rubent
532 887 575 935 ubi
584 888 635 937 lilia
644 887 719 938 multi

120 954 185 1014 iAllia
195 968 261 1013 rosal:
273 967 330 1014 tales
340 967 406 1032 virgo
416 967 488 1014 dabat
497 983 537 1015 ore
547 968 642 1016 colores.

121 1045 194 1092 lllum
204 1044 284 1093 turbat
294 1062 371 1102 amor,
382 1043 479 1109 figitque
488 1046 511 1094 in
523 1046 612 1110 virgine
623 1046 714 1106 cadram

121 1123 197 1172 'Ardet
206 1125 230 1170 in
241 1141 304 1171 arma
315 1124 401 1188 magis,
412 1125 539 1188 paucisque
546 1123 634 1173 affatur
644 1125 769 1175 Amatam:

123 1206 170 1261 Nc,
180 1218 274 1268 quaeso,
284 1219 313 1250 ne
323 1219 361 1251 mo
370 1202 493 1269 lacrymis,
503 1218 562 1250 nere
572 1203 651 1251 omine
662 1215 728 1251 tanto

122 1286 265 1346 Prosequere
275 1281 300 1330 in
308 1282 364 1330 duri
373 1282 499 1330 cemumina
507 1281 589 1331 Martis
599 1293 707 1341 euntem,

122 1364 144 1409 0
154 1372 240 1409 mater:
252 1377 329 1426 neque
338 1362 403 1409 enim
409 1364 490 1409 Turno
498 1377 564 1410 mora
573 1361 647 1410 libera
656 1363 746 1409 mortis.

123 1441 229 1488 Nuncius
238 1437 300 1500 liaec,
312 1440 409 1498 Idmon,
418 1438 521 1505 Phrygio
530 1451 583 1488 mea
594 1441 654 1487 dicta
665 1451 767 1505 tyranno

122 1519 194 1568 Haud
203 1519 317 1584 placitura
328 1518 387 1567 roser
397 1537 402 1566 z
413 1521 468 1567 crlm
477 1519 582 1584 primum
591 1519 691 1567 crastina
701 1519 760 1567 coelo

122 1599 231 1648 Pfiniccis
240 1598 331 1647 invecta
342 1599 398 1647 rotis
408 1597 499 1645 Aurora
507 1596 615 1660 rubebit,

123 1681 176 1727 Non
186 1667 350 1742 Teucrosigat
360 1679 384 1724 in
395 1676 496 1725 Rutulos
504 1694 510 1722 ε
519 1680 637 1725 Teucrum
647 1691 711 1722 arma
720 1678 839 1738 quiescant

123 1761 153 1807 tta
164 1757 297 1807 Rumam:
308 1769 387 1805 nostro
397 1756 520 1805 dirimatur
530 1757 642 1820 sanguiue
651 1754 742 1802 bellum
752 1771 758 1800 :

123 1837 167 1886 lllo
177 1848 296 1901 quaeratur
305 1834 392 1899 conjux
402 1835 499 1883 Lavinia
509 1850 601 1899 campo:

163 1921 218 1963 Hac
228 1915 270 1963 ubi
280 1915 341 1964 dicta
350 1915 426 1973 dedit,
437 1913 580 1979 rapidusque
590 1915 614 1960 in
625 1924 684 1960 tecta
694 1912 798 1961 recessit:

124 1996 200 2044 Poscit
210 2011 296 2059 equos,
306 1995 438 2060 gaudetque
448 2007 517 2043 tuens
527 2005 581 2042 ante
591 2008 631 2041 ora
641 1991 779 2053 frementes,
815 2028 820 2037 .

124 2076 234 2124 Pilumno
244 2091 304 2139 quos
314 2076 364 2140 ipsa
374 2074 445 2124 decus
454 2074 519 2123 dedit
528 2069 648 2139 Orithyia;

125 2153 174 2218 Qui
184 2154 284 2202 candore
294 2154 360 2202 nives
370 2155 497 2212 anteirent,
507 2153 615 2201 cursibus
626 2169 699 2199 auras.

123 2234 281 2283 Circumstant
290 2235 384 2297 properi
395 2234 493 2296 auriga,
503 2231 659 2294 manibusque
669 2228 785 2279 lacessunt

124 2316 220 2362 Pectora
230 2313 312 2376 plausa
322 2313 397 2370 cavis,
407 2323 431 2359 et
440 2311 500 2359 colla
509 2310 626 2358 comantia
635 2319 741 2373 pectunt.

124 2397 178 2458 lpse
188 2389 273 2440 dehinc
283 2408 340 2440 auro
350 2391 495 2456 squalentem
506 2390 607 2453 alboque
617 2383 734 2435 orichalco

124 2470 261 2520 Circumeas
270 2472 367 2520 loricam
375 2469 493 2530 humeris3
504 2470 574 2518 simul
584 2479 648 2532 aptat
658 2465 768 2514 habendo

126 2553 272 2615 Ensemque,
282 2552 452 2615 clypeumque,
464 2563 486 2599 et
496 2549 574 2598 nrbrae
583 2563 671 2595 cornua
679 2546 768 2602 cristae,

126 2631 226 2688 Ensem,
235 2646 308 2694 quem
319 2634 403 2678 Dauno
413 2631 545 2695 ignipotens
556 2632 619 2674 Deus
629 2627 678 2690 ipse
688 2623 780 2690 parenti
862 2679 870 2691 ι

124 2711 234 2768 Fecerat,
244 2720 268 2757 et
278 2711 358 2776 stygia
366 2709 503 2757 candentem
514 2709 614 2756 tinxerat
622 2705 693 2753 undl.

127 2789 200 2846 Exin,
209 2804 263 2852 quae
273 2788 298 2836 in
308 2788 390 2837 mediis
400 2789 488 2853 ingenti
498 2788 581 2835 adnixa
592 2787 707 2833 columnae

125 2867 226 2915 AEdibus
237 2867 354 2932 adstabat,
365 2868 467 2918 validam
476 2868 501 2916 ti
511 2866 608 2933 corripit
616 2861 720 2921 hastam,
837 2932 841 2939 Ι

128 2965 154 3003 v.
172 2947 216 3013 93.
736 2943 782 2991 32.
