1974 3772
122 111 176 176 341
329 112 461 160 vunnu
479 111 653 162 ‚vluctnn

123 213 162 262 nd
171 208 600 277 quemsubridensmixtiilletentius
608 207 655 256 ira:

122 283 868 352 NuuemoterezsetdemeDivdeateratquehumiuumm
953 293 956 338 ζ

121 371 220 422 Viderit
233 375 283 419 liae
292 369 383 426 dicens,
393 368 474 416 eduxit
483 383 580 432 oorpore
589 367 670 415 telum

121 450 171 498 Olli
180 449 240 498 dura
249 449 316 514 quies
325 448 405 496 oculoe
415 458 439 496 et
448 445 536 496 ferreus
545 458 613 511 urget

122 529 238 588 Somnus3
247 529 273 576 in
283 539 395 576 munem
403 526 547 575 clauduntur
556 526 646 575 lumina
655 538 758 575 noctem

161 606 268 657 eudicus
278 604 420 656 Alcathoum
430 605 568 666 obtruncat,
579 608 685 653 Sumatur
694 592 829 672 Hydiepen
834 643 842 668 ,

122 683 324 750 Partheniumque
333 690 415 750 napo,
425 697 448 734 et
457 685 595 750 prudurum
604 681 800 748 aurearoma}

122 769 243 829 Messapus
251 765 423 829 Cloniumque,
433 765 628 830 Lycaoniumque
637 764 747 814 Erioeten
755 784 761 813 :

123 844 195 892 illum
205 841 302 892 infrenis
311 844 367 908 equi
376 844 445 909 lapsu
455 844 538 892 ullure
548 841 676 907 jacentum,

122 927 194 972 Hunc
203 923 307 989 peditem
316 923 394 988 pedes.
405 928 436 973 Et
445 922 531 990 Lycius
541 933 685 988 proeesseet
693 923 765 988 Agis,

125 1002 205 1065 Quem
213 1014 292 1052 tamen
301 1000 366 1052 haud
376 1019 458 1067 expers
466 1003 566 1054 Valerus
575 1001 669 1051 virtutis
677 1002 750 1051 avite

123 1079 221 1143 Deficit,
231 1080 394 1132 Authmnium
402 1081 490 1140 Salius,
501 1081 637 1145 Saliumque
645 1080 756 1140 Nealces,

123 1161 224 1228 Insignis
232 1152 310 1226 jaculo
320 1174 344 1210 et
352 1163 423 1227 longe
430 1161 524 1210 fallente
535 1160 625 1226 sagitta,

165 1246 178 1290 J
181 1258 219 1289 am
228 1242 305 1306 gravis
314 1241 423 1304 aequabat
433 1240 510 1289 luctus
517 1251 541 1288 et
549 1251 634 1288 mutua
642 1242 740 1288 Maeona

123 1325 216 1372 Funera
228 1339 233 1368 :
245 1319 366 1368 caedebam
374 1321 460 1385 pariter
469 1319 603 1384 periteque
611 1317 713 1367 mebant

123 1402 230 1453 Victores
240 1399 343 1463 victique
354 1417 360 1445 z
372 1415 449 1463 neque
458 1395 496 1446 his
505 1397 561 1463 iuga
567 1409 634 1454 nota,
645 1413 724 1462 neque
733 1397 789 1447 illie

123 1476 664 1528 nttovuintecaisirammiseranuriamem

123 1559 271 1616 tutorum,
281 1569 305 1606 et
314 1569 391 1606 tantos
400 1556 540 1605 mortalibus
549 1555 707 1605 esselahotr'e

124 1640 185 1686 Hinc
193 1641 289 1694 Venus,
299 1634 356 1684 hino
365 1638 446 1684 eontrl
453 1647 541 1700 epeem
549 1635 658 1683 Seminis
667 1639 741 1684 iuno.

124 1717 213 1765 Pallida
220 1713 351 1781 ·Tisiphone
360 1715 438 1764 media
448 1716 509 1763 inter
517 1714 592 1761 millia
602 1713 676 1762 sevit.

163 1796 196 1846 At
205 1796 262 1843 vero
272 1796 390 1860 ingentem
398 1795 506 1859 quatiens
514 1792 645 1842 Mezentius
654 1790 750 1842 hanam

123 1875 244 1924 Turbidus
254 1873 385 1938 ingreditur
393 1889 483 1938 campo·
496 1874 580 1936 Quin·
587 1887 688 1936 magnus
698 1872 789 1931 Orion,
812 1886 816 1893 ·

123 1956 186 2003 Ciam
195 1953 267 2018 pedes
276 1951 364 1999 incedit
372 1952 444 2000 medii
453 1968 496 2016 per
504 1952 606 2000 maxime
614 1951 683 1999 Nerei

124 2035 222 2098 Stagna,
232 2032 296 2079 viam
305 2031 425 2088 scindens,
434 2029 534 2079 humero
543 2031 701 2096 supereminet
710 2030 802 2091 undas3
887 2042 895 2050 “·

122 2112 174 2160 'Aut
184 2110 282 2160 summis
292 2109 392 2159 reserens
402 2127 515 2158 annosam
523 2109 644 2165 montibus
653 2125 756 2170 ornum,

125 2191 303 2256 Ingrediturque
314 2189 377 2250 solo,
387 2202 411 2238 et
420 2202 491 2255 ceput
501 2191 562 2239 inter
570 2189 653 2237 nubila
661 2189 762 2241 conda:

123 2271 187 2318 Talia
197 2287 221 2317 ae
231 2270 302 2318 vastis
310 2268 380 2317 insert
389 2270 520 2323 Mezentius
528 2268 605 2317 armis.

124 2349 186 2397 Huic
195 2349 277 2396 contri
285 2352 383 2406 AEneee,
392 2349 525 2413 speculatus
536 2349 560 2396 in
570 2346 661 2413 agmine
670 2346 758 2412 longo,

124 2428 217 2482 Obvius
227 2428 260 2475 ire
269 2439 344 2492 parat.
354 2431 434 2476 Manet
444 2428 612 2492 imperterritus
621 2426 673 2482 ille,

55 2569 60 2580 ο
125 2510 223 2556 Hostem
232 2507 410 2573 magnanimum
418 2507 555 2571 opperiens,
564 2519 589 2554 et
596 2505 659 2554 mole
667 2505 712 2552 sui
722 2515 769 2552 etat
780 2523 788 2566 3

124 2586 204 2651 Atque
214 2587 288 2636 oculis
298 2587 401 2652 spatium
410 2603 518 2635 emensus
527 2586 644 2650 quantum
653 2584 709 2631 satis
719 2580 796 2634 hastae
806 2602 814 2632 t

125 2669 210 2714 Dextra
221 2664 280 2713 mihi
291 2670 366 2724 Deus,
376 2679 399 2714 et
408 2667 494 2724 telum,
504 2666 570 2732 quod
577 2663 666 2713 missile
673 2663 747 2721 libro,

124 2747 193 2796 Nune
202 2744 285 2794 adsint
296 2749 379 2799 Voveo
388 2745 506 2810 predonis
515 2759 611 2810 corpore
620 2742 694 2807 raptis

126 2841 152 2874 v.
170 2826 234 2887 774·
