1974 3772
351 214 478 266 AENEIS·
499 217 566 262 ΗΒ.
587 216 632 267 Vl.
811 211 858 264 231
914 260 921 270 ,

123 322 156 371 Iit
164 325 268 364 statuent
277 313 408 370 tumulum,
419 323 442 360 et
452 313 545 360 tumulo
554 313 664 360 solemnia
676 312 783 371 mittent3

123 400 295 457 AEterntunqus
304 389 370 440 locus
380 391 484 440 Palinuri
493 408 580 440 nomen
587 389 695 442 habebit.

164 474 207 521 llis
216 471 283 521 dietis
292 487 354 520 curas
364 483 459 528 emotae,
469 462 599 535 pulsataque
609 485 737 536 parumper

124 551 199 603 Corde
210 551 278 601 dolor
288 550 346 598 tristi
358 569 363 597 :
374 550 459 617 gaudet
468 551 606 615 cognomine
616 553 683 599 terri.

162 636 225 695 Ergo
236 631 279 678 iter
289 630 410 693 inceptum
418 642 546 693 peragunt,
559 628 680 693 fluvioque
690 630 860 695 propinquant.

123 710 206 760 Navita
217 726 276 774 quos
284 708 332 772 jam
342 708 397 762 iude
406 720 434 756 ut
443 709 524 773 Stygia
533 709 652 773 prospexit
661 708 692 756 ab
702 710 766 758 uadi

122 793 167 840 Per
177 789 274 837 tacitum
284 804 367 836 nemus
377 789 422 844 ire,
432 787 564 852 pedemque
575 787 694 836 advertere
703 789 774 854 ripa,

121 870 159 919 sic
169 868 234 933 prior
244 867 375 933 aggreditur
386 866 465 924 dictis,
475 879 545 930 atque
554 867 660 932 increpat
669 867 745 916 ultrd:

124 947 238 1013 Quisquis
248 963 285 1005 es,
295 959 397 994 armatus
407 945 448 1009 qui
458 957 539 994 nocua
548 945 578 994 ad
588 945 686 994 flumina
697 946 786 1004 tendis,

122 1029 181 1075 Fare
192 1041 233 1091 age
242 1025 301 1090 quid
311 1025 402 1086 veniam
411 1022 460 1087 jam
469 1012 537 1073 istinc
546 1037 571 1073 et
579 1026 709 1089 comprime
718 1040 830 1092 pressam

121 1105 268 1154 Umbrarum
277 1102 316 1154 hic
324 1105 390 1153 locus
399 1115 446 1161 est,
456 1103 537 1152 Somni
547 1103 673 1167 Noctisque
682 1118 783 1170 soporae:

120 1187 226 1248 Corpora
237 1185 291 1231 viva
301 1180 366 1232 nefas
376 1181 456 1248 stygia
465 1193 556 1230 vectare
565 1179 650 1230 carini.

122 1267 170 1314 Nee
180 1264 237 1311 rard
244 1263 342 1310 Alciden
352 1277 390 1309 me
400 1278 454 1308 sum
462 1261 554 1310 laetatus
563 1272 657 1308 euntem

122 1342 244 1409 Accepisse
253 1341 320 1401 lacu,
330 1358 374 1389 nec
381 1337 480 1398 Thesea,
490 1337 683 1404 Pirithoiimque,

123 1424 164 1471 Dis
173 1436 312 1486 quanquam
321 1419 405 1486 geniti,
415 1431 485 1482 atque
495 1418 577 1467 invicti
586 1418 677 1466 viribus
685 1430 769 1468 essem.

121 1504 260 1550 Tartareum
267 1499 305 1547 ille
314 1515 388 1547 manu
397 1497 517 1547 custodem
526 1496 552 1544 in
560 1497 637 1546 vincla
647 1491 732 1562 petivit

122 1579 199 1645 Ipsius
209 1577 289 1626 isolio
299 1579 369 1642 Regis
379 1579 495 1641 traxitque
505 1578 642 1626 uomentem
654 1595 660 1624 z

121 1658 153 1706 lli
162 1658 285 1707 dominam
294 1657 354 1704 Ditis
364 1655 467 1705 thalamo
476 1655 591 1705 deducere
600 1655 682 1705 adorti

162 1742 223 1801 Quae
232 1737 313 1785 contra
320 1735 423 1786 breviter
433 1732 480 1784 sata
489 1747 524 1784 eat
532 1732 676 1801 Amphrysia
687 1745 750 1784 ratas
761 1753 766 1783 :

122 1815 198 1866 littllae
208 1812 247 1863 hic
257 1814 346 1864 insidia
356 1809 633 1876 tale's3absistemove1i;

122 1897 169 1944 lice
179 1894 229 1942 vim
237 1894 284 1953 ,tela
294 1892 388 1943 serunt:
398 1888 453 1943 licit
462 1895 542 1960 ingens
552 1891 638 1958 ianitor
647 1905 714 1944 antro

121 1978 246 2023 AEtemum
255 1973 341 2022 latrans
351 1989 478 2040 exsangues
488 1985 571 2022 terreat
580 1973 676 2022 umbras
684 1991 690 2034 3

121 2057 191 2103 Casta
200 2051 254 2101 licat
263 2052 342 2118 pamui
352 2064 429 2101 servet
438 2053 575 2117 Proserpina
584 2053 664 2102 lmen.

114 2130 209 2183 Troius
216 2134 315 2190 AEneas,
325 2131 410 2196 pietate
420 2132 516 2196 insignis
526 2143 549 2180 et
559 2132 642 2192 armis,

123 2208 160 2259 Ad
169 2211 300 2276 genitorem
309 2210 367 2259 imas
378 2210 448 2258 Erebi
458 2209 576 2258 descendit
586 2210 616 2258 ad
625 2208 728 2258 umbras

122 2290 146 2347 si
156 2302 180 2339 te
190 2289 255 2338 nulla
264 2302 345 2339 movet
354 2301 424 2337 tantae
433 2289 526 2354 piatatis
533 2288 625 2353 imago,

123 2369 154 2418 At
163 2384 257 2417 ramum
264 2366 329 2418 hunc
340 2369 349 2433 (
359 2368 432 2434 aperit
442 2384 534 2416 ramum
544 2367 586 2432 qui
596 2379 659 2415 reate
668 2366 773 2426 latebat)

123 2444 248 2514 Agnoscis.
258 2448 361 2497 Tumida
368 2464 397 2496 ex
406 2448 500 2496 iritum
510 2447 580 2496 corda
590 2446 703 2496 residunt.

123 2530 169 2576 ilco
178 2526 248 2592 plura
258 2525 302 2575 lais.
314 2528 355 2576 llle
366 2527 483 2576 admirans
493 2526 626 2576 venerabile
636 2525 728 2574 donum

124 2606 210 2654 Fatalis
219 2606 292 2671 virgae
299 2641 305 2664 ,
313 2607 384 2672 longo
394 2608 448 2671 post
458 2619 562 2672 tempore
572 2607 663 2664 rmum,

123 2685 253 2734 ecruleam
263 2685 364 2734 advertit
373 2687 487 2753 puppim,
498 2687 601 2750 ripasque
611 2684 761 2750 propinquat

124 2763 181 2812 luds
190 2764 249 2813 alias
259 2764 361 2823 animas,
371 2782 424 2830 quae
435 2783 477 2831 per
486 2763 540 2830 juga
548 2767 619 2831 longa
628 2763 753 2820 sedebant,

125 2843 252 2902 murana,
262 2844 371 2909 laxatque
382 2845 457 2906 foros3
468 2845 540 2895 simul
549 2843 633 2909 accipit
642 2842 709 2890 alveo

127 2937 150 2972 r.
167 2925 229 2985 412.
423 2943 426 2950 ·
