1974 3772
165 253 220 313 184
373 251 503 300 euenit
525 250 695 302 VIRGlbll

164 355 219 403 lion
228 344 294 401 seolu
304 361 374 415 atque
384 351 442 400 olim
452 349 540 398 tonitru
548 351 603 398 cbm
612 362 682 414 rupta
690 366 786 400 corusco

165 436 235 499 Ignea
245 430 304 500 rima
313 430 402 478 micans
411 431 526 495 percurrit
535 429 624 478 lumine
634 430 734 479 nimbos.

163 511 241 562 Sensit
251 511 303 558 loeta
312 509 405 559 doliset
415 510 495 557 formae
503 509 597 558 conseia
606 508 699 572 conjux.

162 590 227 639 Tum
236 601 303 655 pater
310 600 397 636 aeterno
407 591 469 636 sanir
479 589 602 636 devinctus
612 605 690 636 amore
700 605 706 635 z

164 668 231 733 Quid
240 683 321 716 causas
331 667 391 732 petis
401 683 429 716 ex
439 667 504 716 ulto?
515 663 601 716 fiducia
608 668 676 715 cessit

164 748 221 812 Qub
231 747 287 806 tibi,
299 736 370 804 Diva,
380 743 444 794 mei?
455 747 537 794 similis
546 748 566 794 si
575 762 632 794 eura
640 744 734 804 suisset,

162 828 226 875 'lbm
235 841 331 891 quoque
341 827 375 874 las
386 825 454 873 nobis
463 830 565 873 Teucros
575 841 663 873 ermue
673 824 765 886 fuisset3

163 907 211 955 llas
220 909 288 953 Pater
298 905 447 972 omnipotens
456 902 552 967 'frojam
561 921 604 953 nec
613 905 660 952 sata
670 906 782 953 vetabant

67 1042 73 1055 ἡ
162 986 241 1044 Stare,
251 984 378 1047 decemque
388 984 446 1032 alios
455 984 576 1031 Priamum
585 999 704 1048 superesse
714 1000 757 1048 per
766 1001 847 1037 annos.
918 979 920 983 ’

163 1068 195 1113 Et
204 1080 280 1122 nunc,
288 1064 310 1111 si
319 1062 406 1112 bellare
415 1079 496 1128 paras,
507 1076 576 1128 atque
586 1061 637 1110 baec
646 1059 690 1110 tibi
700 1079 766 1111 mens
776 1078 823 1122 est,

76 1208 79 1213 Ι
164 1142 779 1208 Quidquidinartemelpossumpromitterecurae,
823 1186 824 1190 ,
878 1170 881 1179 ν

163 1223 237 1286 Quod
246 1218 297 1271 fieri
307 1221 367 1270 semo
377 1221 497 1285 liquidove
507 1232 584 1286 potest
594 1222 693 1276 electro,
727 1251 730 1259 ·

164 1304 289 1365 Quantum
298 1303 362 1364 ignes
373 1302 502 1365 animmque
511 1300 591 1349 talem
602 1317 608 1361 ;
619 1300 703 1348 absiste
712 1301 830 1366 precando
879 1320 882 1327 ¹

162 1381 261 1432 Viribus
271 1379 404 1428 indubitare
414 1379 467 1436 tuis.
479 1379 709 1437 Eaverbalocutus‚
849 1408 852 1412 ·

162 1463 262 1524 Optatos
272 1459 336 1506 dedit
346 1458 480 1523 amplexus,
489 1457 655 1523 placidumque
665 1459 750 1524 petivit
821 1448 824 1451 ⁵

162 1536 275 1603 Coniugis
285 1535 377 1585 infusus
387 1539 475 1603 grenno
483 1554 526 1604 per
534 1539 639 1587 membra
650 1548 766 1602 soporem.

202 1618 260 1666 Inde
269 1616 313 1665 ubi
322 1617 399 1682 prima
408 1618 484 1680 quies,
493 1618 570 1667 medio
580 1616 629 1682 jam
636 1618 711 1666 noctis
721 1618 808 1666 abactae

161 1697 299 1756 Curriculo,
307 1698 429 1761 expulerat
437 1713 560 1757 somnum3
571 1699 627 1745 clun
636 1696 724 1745 semina
733 1697 851 1762 primum,

64 1838 67 1844 Ι
161 1778 208 1824 Cui
218 1778 315 1825 tolerare
325 1777 376 1824 colo
387 1776 581 1842 vitam'tenuique
592 1777 711 1836 Mitteret,
741 1819 748 1824 .

162 1857 312 1920 Impositum,
323 1857 424 1904 cinerem
431 1868 456 1925 et
464 1857 553 1920 sopitos
562 1857 656 1905 suscitat
666 1856 743 1921 ignes,

161 1937 260 1983 Noctem
269 1934 356 1982 addens
367 1935 444 1999 operi,
454 1935 600 1998 famulasque
609 1934 738 1983 culumina
750 1934 823 2000 longo

75 2055 78 2067 ,
162 2011 258 2062 Eiereet
268 2025 454 2078 penso‚castum
464 2025 492 2062 ut
502 2029 592 2061 servare
603 2014 681 2062 cubile
741 2048 743 2053 -
882 2007 884 2011 ¹

160 2091 287 2158 Coniugis,
297 2105 321 2142 et
328 2093 402 2157 possit
410 2109 496 2157 parvos
505 2092 602 2140 educere
612 2104 679 2140 natos
690 2111 696 2140 :

161 2172 231 2220 Haud
241 2174 306 2219 seclis
317 2172 461 2238 ignipotens,
471 2188 514 2220 nec
524 2183 629 2237 tempore
638 2172 730 2236 segnior
738 2170 793 2239 illo,

160 2250 273 2300 Mollibus
282 2253 295 2298 ὲ
305 2251 382 2300 stratis
391 2268 463 2317 opera
472 2251 502 2299 sd
511 2251 604 2299 fabrilia
612 2252 693 2316 surgit.

200 2331 279 2378 Insula
288 2331 406 2378 Sicanium
416 2329 480 2393 juxta
490 2332 551 2379 latus
560 2330 708 2394 AEoliamque

160 2409 263 2475 Erigitur
275 2409 387 2472 Liparen,
397 2410 544 2459 firmantibus
554 2410 626 2458 ardua
636 2410 695 2457 saxis
701 2443 708 2467 ,

13 2506 16 2509 ·
90 2524 92 2528 -
161 2493 240 2552 Quam
250 2489 331 2536 subter
341 2504 423 2552 specus
433 2501 457 2536 et
466 2491 598 2553 Cyclopum
608 2505 674 2536 exesa
683 2486 780 2534 caminis

159 2567 234 2616 Anda
244 2571 332 2614 AEtuaea
342 2577 433 2624 tonant,
443 2569 561 2632 validique
571 2567 697 2616 incudibus
706 2567 765 2614 ictus

159 2646 242 2695 Auditi
252 2645 357 2694 referunt
364 2647 490 2711 gemitum,
499 2647 648 2711 striduntque
658 2647 762 2694 cavernis

159 2727 277 2775 Strictune
287 2723 428 2791 chalybum,
436 2737 462 2773 'et
472 2720 674 2791 fornacibus'ignis
685 2722 777 2773 anhelat
790 2741 796 2769 :
889 2726 893 2765 ἔ

159 2805 260 2856 vulcani
268 2805 365 2863 domus,
375 2816 399 2852 et
410 2805 523 2853 Vulcania
533 2807 627 2854 nomine
637 2806 713 2854 tellus.

160 2884 212 2932 libe
220 2897 277 2932 tunc
287 2884 419 2951 ignipotens
427 2892 487 2934 coelo
497 2885 616 2935 deseendit
625 2884 658 2935 ab
665 2882 723 2941 alto.

160 2981 185 3016 v.
199 2965 261 3028 423.

49 3310 415 3548 2
