1974 3772
222 260 456 311 eaoacaca
477 261 544 310 nra.
566 265 611 314 ιγ.
634 240 636 244 ⁴
763 282 799 335 99

57 368 119 414 luter
127 377 191 410 sacra
199 360 291 420 Dedan,
300 360 457 424 nocturnique
467 360 531 427 orgia
540 358 635 421 Bacchi,

57 444 207 506 Discerptum
215 441 275 491 latos
284 437 395 504 juvenem
406 441 560 505 sparsereper
570 456 644 506 agros.

55 524 117 572 Tiun
126 536 224 586 quoque
233 521 364 569 marmorei
373 531 445 585 caput
455 521 468 567 a
478 519 566 568 cervice
574 519 708 582 revulsum,

55 601 155 667 Gurgite
164 594 220 650 clun
228 599 306 648 medio
316 610 412 665 portans
422 600 535 666 OEagrius
546 599 638 648 Hebrus
707 588 711 593 ’

53 681 180 738 Volveret,
191 678 325 745 Eurydicen
335 694 381 727 vox
391 678 441 743 ipsa
451 690 475 725 et
484 675 567 744 frigida
576 678 669 744 bagata,

53 758 107 808 Ab!
118 758 229 814 miseram
238 757 385 824 Eurydicen,
394 758 472 805 anima
481 757 597 823 fugiente,
608 756 707 806 vocabat
718 776 725 806 a

55 837 190 903 Eurydicen
200 848 251 886 toto
261 834 391 886 referebant
401 835 499 884 llumine
509 835 573 902 ripae.

93 922 151 965 Huc
160 913 259 965 Proteus
269 933 275 963 ε
286 927 343 964 etse
353 913 416 980 jactu
425 914 494 964 dedis·
499 929 580 980 aequor
590 916 615 963 in
628 917 716 975 altum;

56 998 158 1062 Quique
168 994 246 1054 dedit,
256 994 405 1060 spumantem
415 994 504 1042 undam
514 994 560 1042 sub
569 995 656 1044 vortice
667 994 740 1044 torsit.

93 1075 128 1123 Aa
136 1089 186 1122 non
195 1077 301 1138 Cyrene3
312 1088 415 1138 namque
424 1073 488 1122 atara
498 1072 567 1123 affata
577 1070 697 1122 timentem
709 1093 716 1123 ε

55 1157 127 1212 Nate,
136 1153 193 1202 lieet
201 1152 278 1202 tristes
288 1151 367 1201 animo
378 1153 494 1217 deponere
504 1169 578 1202 curas.

55 1236 110 1281 Huc
119 1233 198 1282 omnis
206 1231 284 1281 morbi
294 1248 362 1281 causa
374 1250 379 1278 :
390 1229 446 1279 binc
456 1231 586 1280 miserabile
596 1229 727 1299 Nymphae,

53 1314 116 1361 cam
125 1311 215 1376 quibus
225 1311 264 1359 illa
274 1308 356 1359 eborea
366 1311 425 1359 lucis
435 1311 537 1375 agitabat
546 1312 571 1359 in
582 1303 647 1372 altis,
703 1359 706 1365 ,

55 1391 161 1440 Exitium
170 1389 253 1438 misere
263 1389 354 1454 apibus.
364 1394 402 1438 Tu
412 1405 510 1438 munera
519 1389 620 1455 supplex
643 1376 647 1386 ¹

55 1468 148 1527 Tende,
158 1480 241 1533 petens
249 1484 344 1532 pacem,
354 1481 378 1517 ct
386 1469 464 1517 faciles
475 1485 585 1518 venerare
595 1472 701 1534 Napaeas.

50 1550 162 1612 Namque
172 1546 265 1595 dabunt
273 1547 367 1595 veniam
376 1547 449 1605 votis,
460 1548 551 1611 irasque
562 1549 685 1597 remittent

55 1625 101 1676 Sed
107 1625 193 1675 modus
203 1625 286 1674 orandi
295 1627 338 1690 qui
347 1625 389 1683 sit,
399 1627 465 1690 prius
475 1625 557 1674 ordine
565 1626 648 1675 dicam.

56 1708 177 1769 Quattuor
185 1704 282 1753 eximioe
291 1705 412 1770 prestanti
421 1719 518 1769 corpore
528 1715 618 1762 tauros,

55 1784 106 1847 Qui
115 1783 160 1832 tibi
170 1799 234 1831 nunc
244 1782 325 1834 uiridis
334 1782 464 1847 depascunt
474 1797 567 1830 summa
577 1784 666 1847 Lycaei,

54 1861 149 1928 Delige,
159 1872 183 1909 et
192 1862 279 1911 intaeta
287 1861 384 1910 totidem
394 1861 482 1910 cervice
489 1859 608 1928 juvencas.

55 1943 177 2003 Quattuor
186 1936 224 1988 bis
233 1955 283 1988 uas
293 1940 339 1988 alta
350 1940 379 1988 ad
387 1939 485 1988 delubra
495 1944 597 1988 Dearum

54 2019 191 2076 Constitue,
201 2030 224 2067 ct
234 2034 326 2068 sacrum
335 2016 423 2084 jugulis
431 2019 523 2070 dimitte
532 2039 652 2082 cruorem,

54 2099 208 2162 Corporaque
218 2096 268 2160 ipsa
275 2097 351 2146 boum
360 2095 470 2146 frondoso
480 2096 560 2146 desere
569 2095 629 2152 bico.

41 2176 123 2248 W·
132 2174 177 2224 ubi
185 2191 249 2223 nona
258 2191 313 2224 enos
323 2192 406 2226 aurora
413 2175 540 2225 ostenderit
549 2187 628 2245 ortus,

55 2251 153 2302 Inferias
162 2251 252 2319 Orphei
262 2251 345 2303 letbaeu
355 2271 471 2319 papavera
481 2254 572 2314 mittee;

55 2333 174 2383 Placatnm
182 2332 317 2398 Eurydicen
327 2333 403 2382 vitula
411 2333 551 2381 venerabere
560 2331 631 2391 caeel3

56 2415 86 2460 Et
96 2411 189 2476 nigram
197 2410 310 2459 mactabis
319 2427 401 2470 ovem,
411 2411 540 2476 lucumque
549 2410 642 2458 revises.

83 2470 168 2541 .Haud
174 2505 240 2537 mora
252 2507 258 2537 a
269 2490 382 2539 continui>
391 2491 471 2539 matris
480 2502 597 2555 praecepta
606 2486 711 2546 facessit,

55 2566 94 2616 Aa
104 2567 203 2616 delubra
213 2567 292 2629 venit3
302 2581 441 2618 monstratas
452 2569 535 2617 excitat
544 2584 607 2626 aras3

57 2650 178 2710 Quattuor
187 2647 284 2695 eximias
293 2648 413 2711 praestanti
423 2663 519 2712 corpore
529 2659 609 2694 tauros

58 2725 139 2782 Ducit,
150 2734 174 2773 et
184 2724 270 2773 utactd
280 2725 378 2774 totidem
387 2727 475 2776 cervice
484 2724 602 2789 juvencas.

57 2803 111 2850 Post
116 2838 123 2862 ‚
133 2802 177 2851 ubi
187 2819 251 2853 nona
260 2820 316 2853 suos
326 2821 409 2854 aurora
418 2804 541 2853 induxerat
551 2814 629 2859 ortus,

57 2879 153 2930 Inferias
162 2880 254 2949 Orphei
263 2885 348 2943 mittit,
357 2886 484 2949 lucumque
493 2881 579 2932 revisit.

59 2977 83 3010 v.
95 2957 161 3013 553.
