<?xml version="1.0" encoding="UTF-8"?>
<!DOCTYPE html PUBLIC "-//W3C//DTD XHTML 1.0 Transitional//EN"
    "http://www.w3.org/TR/xhtml1/DTD/xhtml1-transitional.dtd">
<html xmlns="http://www.w3.org/1999/xhtml" xml:lang="en" lang="en">
 <head>
  <title>
</title>
<meta http-equiv="Content-Type" content="text/html;charset=utf-8" />
  <meta name='ocr-system' content='tesseract 3.04.00' />
  <meta name='ocr-capabilities' content='ocr_page ocr_carea ocr_par ocr_line ocrx_word'/>
</head>
<body>
  <div class='ocr_page' id='page_1' title='image "./bucolicageorgic01virggoog/bucolicageorgic01virggoog_0066.png"; bbox 0 0 1974 3772; ppageno 0'>
   <div class='ocr_carea' id='block_1_1' title="bbox 246 216 881 318">
    <p class='ocr_par' dir='ltr' id='par_1_1' title="bbox 246 216 881 318">
     <span class='ocr_line' id='line_1_1' title="bbox 246 216 881 318; baseline 0.013 -18"><span class='ocrx_word' id='word_1_1' title='bbox 246 216 455 300; x_wconf 71' lang='lat' dir='ltr'><strong>ciosmcs.</strong></span> <span class='ocrx_word' id='word_1_2' title='bbox 477 254 543 300; x_wconf 78' lang='lat' dir='ltr'><strong>nin.</strong></span> <span class='ocrx_word' id='word_1_3' title='bbox 564 254 616 299; x_wconf 80' lang='lat'>111.</span> <span class='ocrx_word' id='word_1_4' title='bbox 770 255 803 318; x_wconf 64' lang='lat'><strong>5³</strong></span> <span class='ocrx_word' id='word_1_5' title='bbox 875 298 881 308; x_wconf 89' lang='lat'><strong>.</strong></span> 
     </span>
    </p>
   </div>
   <div class='ocr_carea' id='block_1_2' title="bbox 55 348 802 3030">
    <p class='ocr_par' dir='ltr' id='par_1_2' title="bbox 61 348 744 890">
     <span class='ocr_line' id='line_1_2' title="bbox 102 348 706 415; baseline 0 -16"><span class='ocrx_word' id='word_1_6' title='bbox 102 352 172 410; x_wconf 74' lang='lat' dir='ltr'><strong>Post,</strong></span> <span class='ocrx_word' id='word_1_7' title='bbox 181 349 224 400; x_wconf 90' lang='lat' dir='ltr'><strong>ubi</strong></span> <span class='ocrx_word' id='word_1_8' title='bbox 234 349 359 399; x_wconf 84' lang='lat' dir='ltr'><strong>collectum</strong></span> <span class='ocrx_word' id='word_1_9' title='bbox 366 348 452 409; x_wconf 85' lang='lat' dir='ltr'><strong>robur,</strong></span> <span class='ocrx_word' id='word_1_10' title='bbox 461 349 569 414; x_wconf 80' lang='lat' dir='ltr'><strong>viresque</strong></span> <span class='ocrx_word' id='word_1_11' title='bbox 579 362 677 415; x_wconf 72' lang='lat' dir='ltr'><strong>receptae</strong></span> <span class='ocrx_word' id='word_1_12' title='bbox 687 389 690 396; x_wconf 93' lang='lat'><strong>.</strong></span> <span class='ocrx_word' id='word_1_13' title='bbox 701 363 706 369; x_wconf 84' lang='grc'><em>·</em></span> 
     </span>
     <span class='ocr_line' id='line_1_3' title="bbox 64 428 744 498; baseline 0 -18"><span class='ocrx_word' id='word_1_14' title='bbox 64 429 133 498; x_wconf 75' lang='lat' dir='ltr'><strong>Signa</strong></span> <span class='ocrx_word' id='word_1_15' title='bbox 142 441 237 487; x_wconf 86' lang='lat' dir='ltr'><strong>movet,</strong></span> <span class='ocrx_word' id='word_1_16' title='bbox 247 444 397 497; x_wconf 71' lang='lat' dir='ltr'><strong>prooepsqus</strong></span> <span class='ocrx_word' id='word_1_17' title='bbox 406 428 508 476; x_wconf 86' lang='lat' dir='ltr'><strong>oblitum</strong></span> <span class='ocrx_word' id='word_1_18' title='bbox 516 428 590 478; x_wconf 78' lang='lat' dir='ltr'><strong>scitur</strong></span> <span class='ocrx_word' id='word_1_19' title='bbox 599 430 624 476; x_wconf 89' lang='lat' dir='ltr'><strong>in</strong></span> <span class='ocrx_word' id='word_1_20' title='bbox 634 428 727 480; x_wconf 82' lang='lat' dir='ltr'><strong>hostem</strong></span> <span class='ocrx_word' id='word_1_21' title='bbox 736 447 744 479; x_wconf 80' lang='lat' dir='ltr'><strong>t</strong></span> 
     </span>
     <span class='ocr_line' id='line_1_4' title="bbox 63 507 689 573; baseline -0.002 -15"><span class='ocrx_word' id='word_1_22' title='bbox 63 510 161 560; x_wconf 78' lang='lat' dir='ltr'><strong>Fluctus</strong></span> <span class='ocrx_word' id='word_1_23' title='bbox 171 520 200 558; x_wconf 86' lang='lat' dir='ltr'><strong>ut</strong></span> <span class='ocrx_word' id='word_1_24' title='bbox 209 507 234 555; x_wconf 93' lang='lat' dir='ltr'><strong>in</strong></span> <span class='ocrx_word' id='word_1_25' title='bbox 244 508 322 556; x_wconf 89' lang='lat' dir='ltr'><strong>medio</strong></span> <span class='ocrx_word' id='word_1_26' title='bbox 332 507 404 572; x_wconf 84' lang='lat' dir='ltr'><strong>eoepit</strong></span> <span class='ocrx_word' id='word_1_27' title='bbox 413 509 468 556; x_wconf 79' lang='lat' dir='ltr'><strong>clim</strong></span> <span class='ocrx_word' id='word_1_28' title='bbox 477 509 592 560; x_wconf 75' lang='lat' dir='ltr'>albescere</span> <span class='ocrx_word' id='word_1_29' title='bbox 602 521 689 573; x_wconf 83' lang='lat' dir='ltr'><strong>ponto,</strong></span> 
     </span>
     <span class='ocr_line' id='line_1_5' title="bbox 62 585 710 654; baseline -0.002 -16"><span class='ocrx_word' id='word_1_30' title='bbox 62 589 182 654; x_wconf 68' lang='lat' dir='ltr'><strong>Longiliu,</strong></span> <span class='ocrx_word' id='word_1_31' title='bbox 192 603 221 636; x_wconf 77' lang='lat' dir='ltr'><strong>ex</strong></span> <span class='ocrx_word' id='word_1_32' title='bbox 231 588 326 652; x_wconf 76' lang='lat' dir='ltr'><strong>altoque</strong></span> <span class='ocrx_word' id='word_1_33' title='bbox 335 586 416 634; x_wconf 86' lang='lat' dir='ltr'><strong>sinum¹</strong></span> <span class='ocrx_word' id='word_1_34' title='bbox 424 585 506 648; x_wconf 88' lang='lat' dir='ltr'><strong>trahit;</strong></span> <span class='ocrx_word' id='word_1_35' title='bbox 517 599 602 651; x_wconf 87' lang='lat' dir='ltr'><strong>utque,</strong></span> <span class='ocrx_word' id='word_1_36' title='bbox 613 588 710 638; x_wconf 81' lang='lat' dir='ltr'><strong>volutus</strong></span> 
     </span>
     <span class='ocr_line' id='line_1_6' title="bbox 62 665 682 731; baseline -0.002 -14"><span class='ocrx_word' id='word_1_37' title='bbox 62 668 100 716; x_wconf 74' lang='lat' dir='ltr'><strong>sd</strong></span> <span class='ocrx_word' id='word_1_38' title='bbox 108 679 194 725; x_wconf 71' lang='lat' dir='ltr'><strong>teum,</strong></span> <span class='ocrx_word' id='word_1_39' title='bbox 204 665 307 714; x_wconf 72' lang='lat' dir='ltr'><strong>immane</strong></span> <span class='ocrx_word' id='word_1_40' title='bbox 316 677 384 714; x_wconf 82' lang='lat' dir='ltr'><strong>sonat</strong></span> <span class='ocrx_word' id='word_1_41' title='bbox 392 682 436 730; x_wconf 85' lang='lat' dir='ltr'><strong>per</strong></span> <span class='ocrx_word' id='word_1_42' title='bbox 445 682 511 725; x_wconf 79' lang='lat' dir='ltr'><strong>sexa,</strong></span> <span class='ocrx_word' id='word_1_43' title='bbox 522 682 565 715; x_wconf 87' lang='lat' dir='ltr'><strong>nec</strong></span> <span class='ocrx_word' id='word_1_44' title='bbox 574 667 626 731; x_wconf 89' lang='lat' dir='ltr'><strong>ipso</strong></span> <span class='ocrx_word' id='word_1_45' title='bbox 679 696 682 703; x_wconf 94' lang='lat'>·</span> 
     </span>
     <span class='ocr_line' id='line_1_7' title="bbox 61 745 675 810; baseline -0.003 -14"><span class='ocrx_word' id='word_1_46' title='bbox 61 750 142 796; x_wconf 81' lang='lat' dir='ltr'><strong>Monte</strong></span> <span class='ocrx_word' id='word_1_47' title='bbox 151 747 232 796; x_wconf 86' lang='lat' dir='ltr'><strong>minor</strong></span> <span class='ocrx_word' id='word_1_48' title='bbox 240 745 388 810; x_wconf 77' lang='lat' dir='ltr'><strong>procumbit3</strong></span> <span class='ocrx_word' id='word_1_49' title='bbox 399 757 424 792; x_wconf 85' lang='lat' dir='ltr'><strong>ot</strong></span> <span class='ocrx_word' id='word_1_50' title='bbox 433 746 479 793; x_wconf 88' lang='lat' dir='ltr'><strong>ima</strong></span> <span class='ocrx_word' id='word_1_51' title='bbox 490 756 601 794; x_wconf 83' lang='lat' dir='ltr'><strong>exaestust</strong></span> <span class='ocrx_word' id='word_1_52' title='bbox 610 746 675 795; x_wconf 81' lang='lat' dir='ltr'><strong>unda</strong></span> 
     </span>
     <span class='ocr_line' id='line_1_8' title="bbox 61 823 653 890; baseline -0.005 -15"><span class='ocrx_word' id='word_1_53' title='bbox 61 824 212 884; x_wconf 77' lang='lat' dir='ltr'>Vorticibus,</span> <span class='ocrx_word' id='word_1_54' title='bbox 222 824 361 890; x_wconf 72' lang='lat' dir='ltr'><strong>nigrumque</strong></span> <span class='ocrx_word' id='word_1_55' title='bbox 371 825 417 872; x_wconf 72' lang='lat' dir='ltr'><strong>stlte</strong></span> <span class='ocrx_word' id='word_1_56' title='bbox 426 823 543 887; x_wconf 75' lang='lat' dir='ltr'><strong>subjectat</strong></span> <span class='ocrx_word' id='word_1_57' title='bbox 552 840 653 872; x_wconf 74' lang='lat' dir='ltr'><strong>sienem</strong></span> 
     </span>
    </p>

    <p class='ocr_par' dir='ltr' id='par_1_3' title="bbox 59 901 802 1206">
     <span class='ocr_line' id='line_1_9' title="bbox 92 901 802 970; baseline -0.007 -16"><span class='ocrx_word' id='word_1_58' title='bbox 92 907 172 954; x_wconf 84' lang='lat' dir='ltr'><strong>Omne</strong></span> <span class='ocrx_word' id='word_1_59' title='bbox 182 902 241 952; x_wconf 84' lang='lat' dir='ltr'><strong>adeb</strong></span> <span class='ocrx_word' id='word_1_60' title='bbox 250 920 324 969; x_wconf 71' lang='lat' dir='ltr'><strong>genus</strong></span> <span class='ocrx_word' id='word_1_61' title='bbox 333 904 358 950; x_wconf 92' lang='lat' dir='ltr'><strong>in</strong></span> <span class='ocrx_word' id='word_1_62' title='bbox 368 903 435 950; x_wconf 85' lang='lat' dir='ltr'><strong>terris</strong></span> <span class='ocrx_word' id='word_1_63' title='bbox 444 901 629 969; x_wconf 80' lang='lat' dir='ltr'><strong>hominumque,</strong></span> <span class='ocrx_word' id='word_1_64' title='bbox 640 903 802 970; x_wconf 66' lang='lat' dir='ltr'><strong>fetorumque,</strong></span> 
     </span>
     <span class='ocr_line' id='line_1_10' title="bbox 61 981 698 1048; baseline -0.003 -16"><span class='ocrx_word' id='word_1_65' title='bbox 61 986 90 1032; x_wconf 78' lang='lat' dir='ltr'><strong>Et</strong></span> <span class='ocrx_word' id='word_1_66' title='bbox 100 999 176 1048; x_wconf 83' lang='lat' dir='ltr'><strong>genus</strong></span> <span class='ocrx_word' id='word_1_67' title='bbox 185 998 333 1047; x_wconf 76' lang='lat' dir='ltr'><strong>aequoreum,</strong></span> <span class='ocrx_word' id='word_1_68' title='bbox 344 981 457 1046; x_wconf 85' lang='lat' dir='ltr'><strong>pecudes,</strong></span> <span class='ocrx_word' id='word_1_69' title='bbox 466 982 581 1046; x_wconf 76' lang='lat' dir='ltr'><strong>pictaque</strong></span> <span class='ocrx_word' id='word_1_70' title='bbox 591 984 698 1031; x_wconf 80' lang='lat' dir='ltr'><strong>volucres</strong></span> 
     </span>
     <span class='ocr_line' id='line_1_11' title="bbox 61 1061 682 1127; baseline 0 -17"><span class='ocrx_word' id='word_1_71' title='bbox 61 1066 88 1110; x_wconf 90' lang='lat' dir='ltr'><strong>ln</strong></span> <span class='ocrx_word' id='word_1_72' title='bbox 97 1062 172 1110; x_wconf 86' lang='lat' dir='ltr'><strong>furias</strong></span> <span class='ocrx_word' id='word_1_73' title='bbox 182 1061 307 1127; x_wconf 75' lang='lat' dir='ltr'>ignemque</span> <span class='ocrx_word' id='word_1_74' title='bbox 318 1072 391 1108; x_wconf 86' lang='lat' dir='ltr'><strong>ruunt</strong></span> <span class='ocrx_word' id='word_1_75' title='bbox 402 1078 407 1107; x_wconf 91' lang='lat'><strong>:</strong></span> <span class='ocrx_word' id='word_1_76' title='bbox 417 1077 482 1108; x_wconf 86' lang='lat' dir='ltr'><strong>emor</strong></span> <span class='ocrx_word' id='word_1_77' title='bbox 491 1061 603 1109; x_wconf 90' lang='lat' dir='ltr'><strong>omnibus</strong></span> <span class='ocrx_word' id='word_1_78' title='bbox 613 1061 682 1110; x_wconf 82' lang='lat' dir='ltr'><strong>idem</strong></span> 
     </span>
     <span class='ocr_line' id='line_1_12' title="bbox 59 1139 617 1206; baseline 0.004 -17"><span class='ocrx_word' id='word_1_79' title='bbox 59 1144 176 1206; x_wconf 81' lang='lat' dir='ltr'>Tempore</span> <span class='ocrx_word' id='word_1_80' title='bbox 186 1157 235 1188; x_wconf 92' lang='lat' dir='ltr'><strong>non</strong></span> <span class='ocrx_word' id='word_1_81' title='bbox 245 1140 291 1187; x_wconf 86' lang='lat' dir='ltr'><strong>elio</strong></span> <span class='ocrx_word' id='word_1_82' title='bbox 300 1140 432 1188; x_wconf 82' lang='lat' dir='ltr'><strong>catulorum</strong></span> <span class='ocrx_word' id='word_1_83' title='bbox 441 1139 515 1187; x_wconf 81' lang='lat' dir='ltr'><strong>oblita</strong></span> <span class='ocrx_word' id='word_1_84' title='bbox 524 1140 598 1190; x_wconf 81' lang='lat' dir='ltr'><strong>leoena</strong></span> <span class='ocrx_word' id='word_1_85' title='bbox 613 1184 617 1191; x_wconf 95' lang='lat'>.</span> 
     </span>
    </p>

    <p class='ocr_par' dir='ltr' id='par_1_4' title="bbox 59 1219 586 1284">
     <span class='ocr_line' id='line_1_13' title="bbox 59 1219 586 1284; baseline -0.004 -16"><span class='ocrx_word' id='word_1_86' title='bbox 59 1220 148 1268; x_wconf 76' lang='lat' dir='ltr'><strong>Saevior</strong></span> <span class='ocrx_word' id='word_1_87' title='bbox 158 1220 245 1267; x_wconf 83' lang='lat' dir='ltr'><strong>erravit</strong></span> <span class='ocrx_word' id='word_1_88' title='bbox 253 1219 356 1283; x_wconf 74' lang='lat' dir='ltr'><strong>eampist</strong></span> <span class='ocrx_word' id='word_1_89' title='bbox 368 1219 503 1267; x_wconf 82' lang='lat' dir='ltr'><strong>necionem</strong></span> <span class='ocrx_word' id='word_1_90' title='bbox 513 1219 586 1284; x_wconf 79' lang='lat' dir='ltr'><strong>vulgb</strong></span> 
     </span>
    </p>

    <p class='ocr_par' dir='ltr' id='par_1_5' title="bbox 58 1297 677 1523">
     <span class='ocr_line' id='line_1_14' title="bbox 59 1297 644 1364; baseline -0.003 -17"><span class='ocrx_word' id='word_1_91' title='bbox 59 1301 119 1347; x_wconf 71' lang='lat' dir='ltr'><strong>Tim</strong></span> <span class='ocrx_word' id='word_1_92' title='bbox 127 1297 204 1347; x_wconf 84' lang='lat' dir='ltr'><strong>multa</strong></span> <span class='ocrx_word' id='word_1_93' title='bbox 214 1297 325 1346; x_wconf 80' lang='lat' dir='ltr'>informes</span> <span class='ocrx_word' id='word_1_94' title='bbox 334 1298 395 1355; x_wconf 82' lang='lat' dir='ltr'><strong>ursi,</strong></span> <span class='ocrx_word' id='word_1_95' title='bbox 405 1309 552 1364; x_wconf 81' lang='lat' dir='ltr'><strong>stragemque</strong></span> <span class='ocrx_word' id='word_1_96' title='bbox 559 1297 644 1346; x_wconf 71' lang='lat' dir='ltr'><strong>dedlre</strong></span> 
     </span>
     <span class='ocr_line' id='line_1_15' title="bbox 59 1377 677 1442; baseline 0 -18"><span class='ocrx_word' id='word_1_97' title='bbox 59 1381 103 1426; x_wconf 85' lang='lat' dir='ltr'><strong>Per</strong></span> <span class='ocrx_word' id='word_1_98' title='bbox 112 1377 197 1437; x_wconf 78' lang='lat' dir='ltr'><strong>silvss3</strong></span> <span class='ocrx_word' id='word_1_99' title='bbox 208 1378 261 1426; x_wconf 79' lang='lat' dir='ltr'><strong>tlim</strong></span> <span class='ocrx_word' id='word_1_100' title='bbox 268 1393 345 1426; x_wconf 83' lang='lat' dir='ltr'><strong>saevus</strong></span> <span class='ocrx_word' id='word_1_101' title='bbox 355 1393 423 1442; x_wconf 85' lang='lat' dir='ltr'><strong>aper,</strong></span> <span class='ocrx_word' id='word_1_102' title='bbox 433 1378 486 1425; x_wconf 80' lang='lat' dir='ltr'><strong>tlsm</strong></span> <span class='ocrx_word' id='word_1_103' title='bbox 495 1377 595 1441; x_wconf 85' lang='lat' dir='ltr'><strong>pessima</strong></span> <span class='ocrx_word' id='word_1_104' title='bbox 606 1377 677 1442; x_wconf 80' lang='lat' dir='ltr'><strong>tigris.</strong></span> 
     </span>
     <span class='ocr_line' id='line_1_16' title="bbox 58 1456 630 1523; baseline -0.002 -19"><span class='ocrx_word' id='word_1_105' title='bbox 58 1459 126 1506; x_wconf 83' lang='lat' dir='ltr'><strong>lieu!</strong></span> <span class='ocrx_word' id='word_1_106' title='bbox 137 1457 200 1505; x_wconf 73' lang='lat' dir='ltr'><strong>male</strong></span> <span class='ocrx_word' id='word_1_107' title='bbox 209 1459 262 1506; x_wconf 78' lang='lat' dir='ltr'><strong>tum</strong></span> <span class='ocrx_word' id='word_1_108' title='bbox 271 1457 353 1523; x_wconf 74' lang='lat' dir='ltr'><strong>Libyae</strong></span> <span class='ocrx_word' id='word_1_109' title='bbox 363 1456 418 1504; x_wconf 88' lang='lat' dir='ltr'><strong>solis</strong></span> <span class='ocrx_word' id='word_1_110' title='bbox 427 1468 518 1505; x_wconf 83' lang='lat' dir='ltr'><strong>erratur</strong></span> <span class='ocrx_word' id='word_1_111' title='bbox 528 1457 553 1503; x_wconf 91' lang='lat' dir='ltr'><strong>in</strong></span> <span class='ocrx_word' id='word_1_112' title='bbox 563 1457 630 1522; x_wconf 83' lang='lat' dir='ltr'><strong>egris.</strong></span> 
     </span>
    </p>

    <p class='ocr_par' dir='ltr' id='par_1_6' title="bbox 57 1535 748 2154">
     <span class='ocr_line' id='line_1_17' title="bbox 97 1535 697 1600; baseline -0.008 -16"><span class='ocrx_word' id='word_1_113' title='bbox 97 1538 183 1584; x_wconf 75' lang='lat' dir='ltr'><strong>Nonne</strong></span> <span class='ocrx_word' id='word_1_114' title='bbox 192 1535 259 1584; x_wconf 75' lang='lat' dir='ltr'><strong>tides</strong></span> <span class='ocrx_word' id='word_1_115' title='bbox 268 1547 296 1584; x_wconf 89' lang='lat' dir='ltr'><strong>ut</strong></span> <span class='ocrx_word' id='word_1_116' title='bbox 305 1547 353 1584; x_wconf 83' lang='lat' dir='ltr'><strong>tots</strong></span> <span class='ocrx_word' id='word_1_117' title='bbox 362 1547 449 1584; x_wconf 87' lang='lat' dir='ltr'><strong>tremor</strong></span> <span class='ocrx_word' id='word_1_118' title='bbox 458 1546 574 1600; x_wconf 72' lang='lat' dir='ltr'>pertentet</span> <span class='ocrx_word' id='word_1_119' title='bbox 583 1551 697 1598; x_wconf 75' lang='lat' dir='ltr'><strong>etpiomnt</strong></span> 
     </span>
     <span class='ocr_line' id='line_1_18' title="bbox 57 1613 639 1680; baseline -0.003 -17"><span class='ocrx_word' id='word_1_120' title='bbox 57 1615 177 1680; x_wconf 62' lang='lat' dir='ltr'><strong>conpore,</strong></span> <span class='ocrx_word' id='word_1_121' title='bbox 187 1613 207 1663; x_wconf 83' lang='lat' dir='ltr'><strong>si</strong></span> <span class='ocrx_word' id='word_1_122' title='bbox 216 1616 309 1664; x_wconf 80' lang='lat' dir='ltr'><strong>tontlim</strong></span> <span class='ocrx_word' id='word_1_123' title='bbox 318 1623 386 1663; x_wconf 79' lang='lat' dir='ltr'><strong>notas</strong></span> <span class='ocrx_word' id='word_1_124' title='bbox 395 1613 453 1662; x_wconf 79' lang='lat' dir='ltr'><strong>odor</strong></span> <span class='ocrx_word' id='word_1_125' title='bbox 464 1614 543 1662; x_wconf 88' lang='lat' dir='ltr'><strong>attulit</strong></span> <span class='ocrx_word' id='word_1_126' title='bbox 553 1630 619 1662; x_wconf 84' lang='lat' dir='ltr'><strong>auras</strong></span> <span class='ocrx_word' id='word_1_127' title='bbox 629 1614 639 1661; x_wconf 78' lang='lat' dir='ltr'><strong>&#39;l</strong></span> 
     </span>
     <span class='ocr_line' id='line_1_19' title="bbox 57 1690 746 1757; baseline -0.004 -15"><span class='ocrx_word' id='word_1_128' title='bbox 57 1693 93 1741; x_wconf 80' lang='lat' dir='ltr'><strong>&#39;Ao</strong></span> <span class='ocrx_word' id='word_1_129' title='bbox 103 1710 181 1757; x_wconf 83' lang='lat' dir='ltr'><strong>neque</strong></span> <span class='ocrx_word' id='word_1_130' title='bbox 192 1709 231 1742; x_wconf 89' lang='lat' dir='ltr'><strong>eos</strong></span> <span class='ocrx_word' id='word_1_131' title='bbox 240 1691 289 1757; x_wconf 83' lang='lat' dir='ltr'><strong>jem</strong></span> <span class='ocrx_word' id='word_1_132' title='bbox 298 1690 363 1741; x_wconf 82' lang='lat' dir='ltr'><strong>frena</strong></span> <span class='ocrx_word' id='word_1_133' title='bbox 373 1694 464 1751; x_wconf 73' lang='lat' dir='ltr'><strong>vimen,</strong></span> <span class='ocrx_word' id='word_1_134' title='bbox 475 1708 552 1756; x_wconf 90' lang='lat' dir='ltr'><strong>neque</strong></span> <span class='ocrx_word' id='word_1_135' title='bbox 560 1693 658 1740; x_wconf 82' lang='lat' dir='ltr'><strong>verbera</strong></span> <span class='ocrx_word' id='word_1_136' title='bbox 672 1708 746 1747; x_wconf 67' lang='lat' dir='ltr'><strong>asevis,</strong></span> 
     </span>
     <span class='ocr_line' id='line_1_20' title="bbox 57 1768 748 1837; baseline -0.004 -17"><span class='ocrx_word' id='word_1_137' title='bbox 57 1775 112 1820; x_wconf 82' lang='lat' dir='ltr'><strong>Non</strong></span> <span class='ocrx_word' id='word_1_138' title='bbox 122 1772 227 1836; x_wconf 85' lang='lat' dir='ltr'><strong>scopuli,</strong></span> <span class='ocrx_word' id='word_1_139' title='bbox 236 1787 353 1837; x_wconf 87' lang='lat' dir='ltr'><strong>mpesque</strong></span> <span class='ocrx_word' id='word_1_140' title='bbox 363 1789 438 1830; x_wconf 80' lang='lat' dir='ltr'><strong>covae,</strong></span> <span class='ocrx_word' id='word_1_141' title='bbox 449 1783 519 1835; x_wconf 82' lang='lat' dir='ltr'><strong>atque</strong></span> <span class='ocrx_word' id='word_1_142' title='bbox 529 1768 620 1834; x_wconf 81' lang='lat' dir='ltr'><strong>objecta</strong></span> <span class='ocrx_word' id='word_1_143' title='bbox 630 1770 748 1819; x_wconf 77' lang='lat' dir='ltr'><strong>retardent</strong></span> 
     </span>
     <span class='ocr_line' id='line_1_21' title="bbox 57 1850 622 1916; baseline -0.002 -17"><span class='ocrx_word' id='word_1_144' title='bbox 57 1851 171 1900; x_wconf 76' lang='lat' dir='ltr'><strong>Flumine</strong></span> <span class='ocrx_word' id='word_1_145' title='bbox 180 1863 299 1916; x_wconf 83' lang='lat' dir='ltr'><strong>correptos</strong></span> <span class='ocrx_word' id='word_1_146' title='bbox 306 1852 371 1900; x_wconf 72' lang='lat' dir='ltr'><strong>undfi</strong></span> <span class='ocrx_word' id='word_1_147' title='bbox 381 1850 516 1914; x_wconf 69' lang='lat' dir='ltr'><strong>torquentis,</strong></span> <span class='ocrx_word' id='word_1_148' title='bbox 523 1861 622 1899; x_wconf 85' lang='lat' dir='ltr'><strong>montes.</strong></span> 
     </span>
     <span class='ocr_line' id='line_1_22' title="bbox 58 1928 622 1996; baseline -0.002 -18"><span class='ocrx_word' id='word_1_149' title='bbox 58 1931 113 1996; x_wconf 82' lang='lat' dir='ltr'><strong>lpse</strong></span> <span class='ocrx_word' id='word_1_150' title='bbox 122 1928 185 1987; x_wconf 85' lang='lat' dir='ltr'><strong>mit,</strong></span> <span class='ocrx_word' id='word_1_151' title='bbox 195 1930 323 1995; x_wconf 80' lang='lat' dir='ltr'><strong>dentesque</strong></span> <span class='ocrx_word' id='word_1_152' title='bbox 332 1930 459 1979; x_wconf 83' lang='lat' dir='ltr'><strong>Sabellicus</strong></span> <span class='ocrx_word' id='word_1_153' title='bbox 469 1928 560 1979; x_wconf 80' lang='lat' dir='ltr'><strong>exacuit</strong></span> <span class='ocrx_word' id='word_1_154' title='bbox 570 1945 622 1988; x_wconf 84' lang='lat' dir='ltr'><strong>sus,</strong></span> 
     </span>
     <span class='ocr_line' id='line_1_23' title="bbox 57 2008 672 2074; baseline -0.002 -16"><span class='ocrx_word' id='word_1_155' title='bbox 57 2014 88 2059; x_wconf 79' lang='lat' dir='ltr'><strong>lit</strong></span> <span class='ocrx_word' id='word_1_156' title='bbox 96 2008 158 2074; x_wconf 75' lang='lat' dir='ltr'><strong>pede</strong></span> <span class='ocrx_word' id='word_1_157' title='bbox 167 2008 299 2074; x_wconf 78' lang='lat' dir='ltr'><strong>prosubigit</strong></span> <span class='ocrx_word' id='word_1_158' title='bbox 309 2020 407 2069; x_wconf 81' lang='lat' dir='ltr'><strong>terram,</strong></span> <span class='ocrx_word' id='word_1_159' title='bbox 417 2008 483 2057; x_wconf 84' lang='lat' dir='ltr'><strong>fricat</strong></span> <span class='ocrx_word' id='word_1_160' title='bbox 493 2008 576 2057; x_wconf 77' lang='lat' dir='ltr'><strong>arboee</strong></span> <span class='ocrx_word' id='word_1_161' title='bbox 585 2020 672 2066; x_wconf 81' lang='lat' dir='ltr'><strong>costas,</strong></span> 
     </span>
     <span class='ocr_line' id='line_1_24' title="bbox 57 2074 710 2154; baseline -0.005 -17"><span class='ocrx_word' id='word_1_162' title='bbox 57 2089 138 2154; x_wconf 77' lang='lat' dir='ltr'><strong>Atque</strong></span> <span class='ocrx_word' id='word_1_163' title='bbox 145 2085 202 2136; x_wconf 83' lang='lat' dir='ltr'><strong>hinc</strong></span> <span class='ocrx_word' id='word_1_164' title='bbox 212 2100 282 2153; x_wconf 77' lang='lat' dir='ltr'><strong>etque</strong></span> <span class='ocrx_word' id='word_1_165' title='bbox 292 2087 356 2137; x_wconf 83' lang='lat' dir='ltr'><strong>illinc</strong></span> <span class='ocrx_word' id='word_1_166' title='bbox 365 2086 476 2137; x_wconf 85' lang='lat' dir='ltr'><strong>humenos</strong></span> <span class='ocrx_word' id='word_1_167' title='bbox 486 2088 516 2137; x_wconf 86' lang='lat' dir='ltr'><strong>ed</strong></span> <span class='ocrx_word' id='word_1_168' title='bbox 526 2089 624 2140; x_wconf 83' lang='lat' dir='ltr'><strong>vulnera</strong></span> <span class='ocrx_word' id='word_1_169' title='bbox 634 2074 710 2136; x_wconf 76' lang='lat' dir='ltr'><strong>duint.</strong></span> 
     </span>
    </p>

    <p class='ocr_par' dir='ltr' id='par_1_7' title="bbox 55 2164 761 2549">
     <span class='ocr_line' id='line_1_25' title="bbox 96 2164 761 2232; baseline -0.006 -16"><span class='ocrx_word' id='word_1_170' title='bbox 96 2165 164 2231; x_wconf 78' lang='lat' dir='ltr'><strong>Quid</strong></span> <span class='ocrx_word' id='word_1_171' title='bbox 173 2164 280 2230; x_wconf 79' lang='lat' dir='ltr'><strong>juvenis,</strong></span> <span class='ocrx_word' id='word_1_172' title='bbox 289 2183 403 2232; x_wconf 78' lang='lat' dir='ltr'><strong>magnum</strong></span> <span class='ocrx_word' id='word_1_173' title='bbox 412 2168 450 2216; x_wconf 86' lang='lat' dir='ltr'><strong>c&#39;ui</strong></span> <span class='ocrx_word' id='word_1_174' title='bbox 460 2180 537 2216; x_wconf 85' lang='lat' dir='ltr'><strong>versat</strong></span> <span class='ocrx_word' id='word_1_175' title='bbox 546 2166 570 2214; x_wconf 91' lang='lat' dir='ltr'><strong>in</strong></span> <span class='ocrx_word' id='word_1_176' title='bbox 581 2166 673 2214; x_wconf 86' lang='lat' dir='ltr'><strong>ossibus</strong></span> <span class='ocrx_word' id='word_1_177' title='bbox 683 2166 761 2232; x_wconf 73' lang='lat' dir='ltr'><strong>ignem</strong></span> 
     </span>
     <span class='ocr_line' id='line_1_26' title="bbox 57 2243 669 2312; baseline -0.008 -16"><span class='ocrx_word' id='word_1_178' title='bbox 57 2250 137 2296; x_wconf 81' lang='lat' dir='ltr'><strong>nurus</strong></span> <span class='ocrx_word' id='word_1_179' title='bbox 147 2243 231 2294; x_wconf 80' lang='lat' dir='ltr'><strong>emor?</strong></span> <span class='ocrx_word' id='word_1_180' title='bbox 241 2248 331 2312; x_wconf 73' lang='lat' dir='ltr'><strong>Nempe</strong></span> <span class='ocrx_word' id='word_1_181' title='bbox 341 2246 448 2312; x_wconf 81' lang='lat' dir='ltr'><strong>abruptis</strong></span> <span class='ocrx_word' id='word_1_182' title='bbox 457 2247 551 2295; x_wconf 86' lang='lat' dir='ltr'><strong>turbsts</strong></span> <span class='ocrx_word' id='word_1_183' title='bbox 560 2245 669 2310; x_wconf 82' lang='lat' dir='ltr'><strong>procellis</strong></span> 
     </span>
     <span class='ocr_line' id='line_1_27' title="bbox 55 2323 682 2391; baseline -0.008 -17"><span class='ocrx_word' id='word_1_184' title='bbox 55 2328 130 2374; x_wconf 65' lang='lat' dir='ltr'><strong>Nocte</strong></span> <span class='ocrx_word' id='word_1_185' title='bbox 139 2336 205 2373; x_wconf 83' lang='lat' dir='ltr'><strong>natet</strong></span> <span class='ocrx_word' id='word_1_186' title='bbox 214 2327 274 2374; x_wconf 73' lang='lat' dir='ltr'><strong>ceos</strong></span> <span class='ocrx_word' id='word_1_187' title='bbox 283 2341 348 2374; x_wconf 80' lang='lat' dir='ltr'><strong>seme</strong></span> <span class='ocrx_word' id='word_1_188' title='bbox 358 2323 430 2388; x_wconf 75' lang='lat' dir='ltr'><strong>frete3</strong></span> <span class='ocrx_word' id='word_1_189' title='bbox 440 2336 513 2391; x_wconf 86' lang='lat' dir='ltr'><strong>quem</strong></span> <span class='ocrx_word' id='word_1_190' title='bbox 520 2340 591 2389; x_wconf 82' lang='lat' dir='ltr'><strong>snper</strong></span> <span class='ocrx_word' id='word_1_191' title='bbox 600 2325 682 2388; x_wconf 78' lang='lat' dir='ltr'><strong>ingens</strong></span> 
     </span>
     <span class='ocr_line' id='line_1_28' title="bbox 56 2402 627 2470; baseline -0.004 -18"><span class='ocrx_word' id='word_1_192' title='bbox 56 2406 126 2453; x_wconf 75' lang='lat' dir='ltr'><strong>Porta</strong></span> <span class='ocrx_word' id='word_1_193' title='bbox 135 2402 278 2462; x_wconf 71' lang='lat' dir='ltr'><strong>mostomii,</strong></span> <span class='ocrx_word' id='word_1_194' title='bbox 287 2416 311 2453; x_wconf 86' lang='lat' dir='ltr'><strong>st</strong></span> <span class='ocrx_word' id='word_1_195' title='bbox 320 2405 422 2470; x_wconf 86' lang='lat' dir='ltr'><strong>soopulis</strong></span> <span class='ocrx_word' id='word_1_196' title='bbox 432 2404 491 2453; x_wconf 86' lang='lat' dir='ltr'><strong>illisa</strong></span> <span class='ocrx_word' id='word_1_197' title='bbox 501 2403 627 2452; x_wconf 83' lang='lat' dir='ltr'><strong>reclamant</strong></span> 
     </span>
     <span class='ocr_line' id='line_1_29' title="bbox 57 2482 675 2549; baseline -0.005 -18"><span class='ocrx_word' id='word_1_198' title='bbox 57 2487 174 2547; x_wconf 75' lang='lat' dir='ltr'><strong>AEquom;</strong></span> <span class='ocrx_word' id='word_1_199' title='bbox 184 2498 228 2531; x_wconf 85' lang='lat' dir='ltr'><strong>nec</strong></span> <span class='ocrx_word' id='word_1_200' title='bbox 241 2482 319 2531; x_wconf 75' lang='lat' dir='ltr'><strong>miseni</strong></span> <span class='ocrx_word' id='word_1_201' title='bbox 328 2495 428 2549; x_wconf 84' lang='lat' dir='ltr'><strong>possunt</strong></span> <span class='ocrx_word' id='word_1_202' title='bbox 437 2499 545 2532; x_wconf 77' lang='lat' dir='ltr'><strong>revocare</strong></span> <span class='ocrx_word' id='word_1_203' title='bbox 554 2491 675 2548; x_wconf 83' lang='lat' dir='ltr'><strong>parentes,</strong></span> 
     </span>
    </p>

    <p class='ocr_par' dir='ltr' id='par_1_8' title="bbox 58 2561 580 2627">
     <span class='ocr_line' id='line_1_30' title="bbox 58 2561 580 2627; baseline 0 -17"><span class='ocrx_word' id='word_1_204' title='bbox 58 2565 106 2612; x_wconf 74' lang='lat' dir='ltr'><strong>Nee</strong></span> <span class='ocrx_word' id='word_1_205' title='bbox 114 2561 228 2611; x_wconf 77' lang='lat' dir='ltr'><strong>monitura</strong></span> <span class='ocrx_word' id='word_1_206' title='bbox 238 2578 310 2627; x_wconf 83' lang='lat' dir='ltr'><strong>supet</strong></span> <span class='ocrx_word' id='word_1_207' title='bbox 317 2562 406 2611; x_wconf 86' lang='lat' dir='ltr'><strong>erudeli</strong></span> <span class='ocrx_word' id='word_1_208' title='bbox 415 2561 497 2615; x_wconf 77' lang='lat' dir='ltr'><strong>funere</strong></span> <span class='ocrx_word' id='word_1_209' title='bbox 507 2562 580 2626; x_wconf 78' lang='lat' dir='ltr'><strong>virgo,</strong></span> 
     </span>
    </p>

    <p class='ocr_par' dir='ltr' id='par_1_9' title="bbox 56 2639 758 3030">
     <span class='ocr_line' id='line_1_31' title="bbox 97 2639 753 2708; baseline -0.005 -19"><span class='ocrx_word' id='word_1_210' title='bbox 97 2639 163 2706; x_wconf 86' lang='lat' dir='ltr'><strong>Quid</strong></span> <span class='ocrx_word' id='word_1_211' title='bbox 173 2642 254 2707; x_wconf 83' lang='lat' dir='ltr'><strong>lynces</strong></span> <span class='ocrx_word' id='word_1_212' title='bbox 263 2639 347 2690; x_wconf 77' lang='lat' dir='ltr'><strong>Bocchi</strong></span> <span class='ocrx_word' id='word_1_213' title='bbox 356 2642 439 2701; x_wconf 75' lang='lat' dir='ltr'><strong>variet,</strong></span> <span class='ocrx_word' id='word_1_214' title='bbox 449 2654 473 2690; x_wconf 89' lang='lat' dir='ltr'><strong>et</strong></span> <span class='ocrx_word' id='word_1_215' title='bbox 483 2656 556 2708; x_wconf 80' lang='lat' dir='ltr'><strong>genus</strong></span> <span class='ocrx_word' id='word_1_216' title='bbox 566 2656 618 2689; x_wconf 77' lang='lat' dir='ltr'><strong>aere</strong></span> <span class='ocrx_word' id='word_1_217' title='bbox 627 2641 753 2702; x_wconf 78' lang='lat' dir='ltr'><strong>luporum,</strong></span> 
     </span>
     <span class='ocr_line' id='line_1_32' title="bbox 56 2712 758 2787; baseline -0.006 -20"><span class='ocrx_word' id='word_1_218' title='bbox 56 2719 136 2785; x_wconf 76' lang='lat' dir='ltr'><strong>Atque</strong></span> <span class='ocrx_word' id='word_1_219' title='bbox 145 2719 250 2769; x_wconf 65' lang='lat' dir='ltr'><strong>annm?</strong></span> <span class='ocrx_word' id='word_1_220' title='bbox 260 2720 331 2787; x_wconf 88' lang='lat' dir='ltr'><strong>quid,</strong></span> <span class='ocrx_word' id='word_1_221' title='bbox 342 2736 395 2787; x_wconf 81' lang='lat' dir='ltr'><strong>qnae</strong></span> <span class='ocrx_word' id='word_1_222' title='bbox 405 2721 511 2770; x_wconf 79' lang='lat' dir='ltr'><strong>imbelles</strong></span> <span class='ocrx_word' id='word_1_223' title='bbox 519 2721 578 2769; x_wconf 82' lang='lat' dir='ltr'><strong>&#39;dam</strong></span> <span class='ocrx_word' id='word_1_224' title='bbox 587 2718 668 2784; x_wconf 70' lang='lat' dir='ltr'><strong>prelia</strong></span> <span class='ocrx_word' id='word_1_225' title='bbox 678 2712 758 2765; x_wconf 70' lang='lat' dir='ltr'><strong>servii¹</strong></span> 
     </span>
     <span class='ocr_line' id='line_1_33' title="bbox 56 2798 668 2865; baseline -0.008 -17"><span class='ocrx_word' id='word_1_226' title='bbox 56 2798 147 2849; x_wconf 82' lang='lat' dir='ltr'><strong>Scilioet</strong></span> <span class='ocrx_word' id='word_1_227' title='bbox 157 2810 211 2848; x_wconf 81' lang='lat' dir='ltr'><strong>ente</strong></span> <span class='ocrx_word' id='word_1_228' title='bbox 221 2816 303 2848; x_wconf 85' lang='lat' dir='ltr'><strong>omnes</strong></span> <span class='ocrx_word' id='word_1_229' title='bbox 312 2799 378 2849; x_wconf 82' lang='lat' dir='ltr'><strong>furor</strong></span> <span class='ocrx_word' id='word_1_230' title='bbox 387 2814 422 2849; x_wconf 90' lang='lat' dir='ltr'><strong>est</strong></span> <span class='ocrx_word' id='word_1_231' title='bbox 431 2800 527 2865; x_wconf 79' lang='lat' dir='ltr'><strong>insignis</strong></span> <span class='ocrx_word' id='word_1_232' title='bbox 538 2813 652 2864; x_wconf 82' lang='lat' dir='ltr'><strong>equarum</strong></span> <span class='ocrx_word' id='word_1_233' title='bbox 662 2814 668 2843; x_wconf 78' lang='lat' dir='ltr'><strong>e</strong></span> 
     </span>
     <span class='ocr_line' id='line_1_34' title="bbox 57 2871 710 2947; baseline -0.008 -21"><span class='ocrx_word' id='word_1_234' title='bbox 57 2882 88 2929; x_wconf 75' lang='lat' dir='ltr'><strong>Et</strong></span> <span class='ocrx_word' id='word_1_235' title='bbox 96 2890 200 2927; x_wconf 87' lang='lat' dir='ltr'><strong>mentem</strong></span> <span class='ocrx_word' id='word_1_236' title='bbox 211 2882 293 2933; x_wconf 84' lang='lat' dir='ltr'><strong>Venus</strong></span> <span class='ocrx_word' id='word_1_237' title='bbox 303 2880 354 2947; x_wconf 83' lang='lat' dir='ltr'><strong>ipse</strong></span> <span class='ocrx_word' id='word_1_238' title='bbox 363 2880 441 2939; x_wconf 85' lang='lat' dir='ltr'><strong>dedit,</strong></span> <span class='ocrx_word' id='word_1_239' title='bbox 451 2895 499 2944; x_wconf 86' lang='lat' dir='ltr'><strong>quo</strong></span> <span class='ocrx_word' id='word_1_240' title='bbox 510 2890 615 2944; x_wconf 83' lang='lat' dir='ltr'><strong>tempore</strong></span> <span class='ocrx_word' id='word_1_241' title='bbox 625 2871 710 2924; x_wconf 81' lang='lat' dir='ltr'><strong>Glauci</strong></span> 
     </span>
     <span class='ocr_line' id='line_1_35' title="bbox 56 2962 668 3030; baseline -0.002 -21"><span class='ocrx_word' id='word_1_242' title='bbox 56 2976 82 3009; x_wconf 69' lang='lat' dir='ltr'><strong>v.</strong></span> <span class='ocrx_word' id='word_1_243' title='bbox 100 2962 165 3030; x_wconf 78' lang='lat'><strong>267.</strong></span> <span class='ocrx_word' id='word_1_244' title='bbox 655 2971 668 3018; x_wconf 80' lang='lat'><em>7</em></span> 
     </span>
    </p>
   </div>
   <div class='ocr_carea' id='block_1_3' title="bbox 0 0 992 3772">
    <p class='ocr_par' dir='ltr' id='par_1_10' title="bbox 0 0 992 3772">
     <span class='ocr_line' id='line_1_36' title="bbox 0 0 992 3772; baseline 0 2"><span class='ocrx_word' id='word_1_245' title='bbox 0 0 992 3772; x_wconf 95' lang='lat' dir='ltr'><strong> </strong></span> 
     </span>
    </p>
   </div>
  </div>
 </body>
</html>
