1974 3772
126 218 131 233 ‘
175 218 232 282 344
386 220 515 301 runnu
535 219 706 271 VIRGILll

177 320 287 367 Exeruere
295 317 359 365 diem
369 335 375 364 τ
386 318 419 365 sic
427 314 526 366 obiutus
535 317 642 381 undique
652 317 703 366 telis

176 402 273 456 hans,
283 396 372 445 nubem
380 396 449 453 belli,
459 396 517 444 diam
527 396 632 456 detonet,
643 413 737 444 omnem

175 478 294 534 Sustinet,
305 487 328 523 et
338 479 441 523 Lausum
450 475 586 540 increpitat,
597 479 721 540 Isausoque
728 476 837 528 minatur
847 497 854 526 e

177 557 233 619 Qud
239 591 246 614 ,
255 555 381 614 moriture,
392 551 458 602 ruis?
468 553 605 618 majoraque
615 555 706 602 viribus
714 555 805 606 audes?

175 636 247 684 Fallit
257 647 280 682 te
290 635 411 682 incautum
420 635 494 698 pietas
504 645 552 681 tua.
562 636 610 682 Nec
619 633 699 683 miuus
709 634 748 683 ille

176 714 284 762 Exsultat
294 713 390 760 demens
401 731 407 759 ε
418 728 486 761 saevoe
494 711 590 776 jamque
599 712 669 761 altius
678 714 718 761 iras

175 791 293 840 Dmdanio
303 803 404 856 surgunt
413 791 517 848 ductori,
525 803 674 856 exuemaque
684 794 763 841 Lauso

175 875 252 920 Parcae
262 867 301 919 fila
310 871 406 935 legunt3
417 870 523 918 validum
530 886 635 934 namque
644 871 715 936 exigit
724 887 807 922 ensem

174 954 219 999 Per
227 949 333 998 medium
342 953 426 997 AEneas
436 948 559 1013 juvenem,
570 961 693 1015 totumque
703 951 817 1001 recondit

173 1030 276 1083 Transiit
285 1041 308 1076 et
318 1044 424 1093 parmam
433 1045 528 1086 mucro,
538 1029 598 1076 levia
608 1045 671 1076 arma
681 1029 792 1088 minacis,

173 1113 205 1157 Et
215 1108 333 1166 tunicam,
343 1108 409 1156 molli
418 1121 492 1156 mater
502 1124 574 1172 quam
584 1119 679 1156 neverat
688 1122 761 1169 auro3

63 1216 72 1231 .
174 1188 332 1253 Inpleritque
342 1187 421 1236 sinum
429 1187 523 1252 sanguis
534 1205 540 1233 z
552 1189 604 1234 tiam
613 1187 661 1235 vita
670 1203 713 1251 per
723 1204 793 1236 auras

173 1268 294 1317 Concussit
303 1279 386 1316 moesta
395 1267 425 1315 ad
434 1271 527 1325 Manes,
537 1282 669 1330 corpusque
678 1265 782 1330 reliquit

213 1345 247 1394 At
256 1348 313 1394 vero
321 1357 349 1393 ut
359 1347 454 1393 vultum
462 1345 523 1393 vidit
531 1346 651 1393 morientis
662 1357 685 1394 et
694 1360 746 1404 ora,

173 1428 221 1473 Ora
231 1424 308 1473 modis
318 1422 470 1473 Anchisiades
479 1424 591 1489 pallentia
600 1423 675 1482 miris,

173 1503 291 1568 Ingemuit
301 1504 414 1552 miserans
424 1503 536 1569 graviter,
547 1503 698 1568 dextramque
707 1505 821 1566 tetendit,

174 1586 205 1630 Et
214 1593 318 1631 mentem
327 1583 408 1647 patriae
418 1583 491 1631 sathin
500 1581 592 1648 pietatis
603 1583 696 1648 imago:
726 1596 729 1601 ’

175 1658 241 1724 Quid
249 1661 294 1710 tibi
304 1677 381 1720 nunc,
391 1661 520 1710 miserande
529 1677 602 1727 puer,
611 1679 655 1728 pro
664 1661 777 1713 laudibus
787 1665 851 1728 istis,

174 1739 240 1802 Quid
249 1741 303 1806 pius
313 1745 397 1791 AEnets
405 1744 469 1789 tanta
479 1740 544 1789 dabit
553 1742 632 1790 indole
641 1740 755 1808 dignum?

173 1819 259 1878 Arma,
268 1820 357 1885 quibus
366 1821 470 1880 laetatus,
480 1819 541 1869 haba
549 1833 592 1870 tna
603 1833 608 1868 t
619 1833 689 1886 teque
698 1835 826 1887 parentum

172 1899 283 1948 Manibus
293 1912 316 1947 et
326 1901 397 1948 cincii
409 1900 441 1964 (si
451 1917 499 1964 qua
509 1911 543 1948 est
552 1917 579 1949 ea
587 1900 657 1964 cura)
667 1903 768 1950 remnto.

173 1981 223 2027 Hoc
233 1990 312 2026 tamen
322 1977 402 2026 infelix
412 1980 519 2027 miseram
529 1980 633 2029 sclahem
644 1993 758 2040 mortem

172 2060 251 2105 AEneae
261 2057 340 2121 magni
351 2056 431 2105 dextra
441 2045 629 2124 cadislncrepat
638 2061 702 2107 ultrd

171 2137 314 2187 Cunctantes
325 2136 398 2184 socios
404 2173 411 2196 ,
422 2147 444 2184 et
454 2135 514 2185 terrai
524 2139 632 2187 sublevat
642 2139 734 2202 ipsum,

171 2214 290 2280 Sanguine
300 2226 435 2280 turpantem
444 2229 550 2282 comptos
560 2218 589 2265 de
599 2234 664 2266 more
673 2218 778 2282 capillos.

172 2295 263 2341 Interea
274 2295 364 2360 genitor
374 2295 480 2344 Tiberini
493 2296 523 2344 ad
536 2296 641 2345 fluminis
650 2296 741 2345 undam

171 2373 277 2426 Vulnera
287 2373 389 2422 siccabat
398 2373 515 2440 lymphis,
524 2388 657 2440 corpusque
667 2376 762 2424 levabat

171 2450 270 2501 Arboris
280 2453 372 2501 acclinis
383 2465 466 2502 trunco
477 2457 576 2517 :procul
584 2470 643 2504 aerea
651 2457 721 2502 ramis

173 2531 295 2596 Dependet
304 2532 381 2597 galea,
392 2545 414 2580 et
427 2545 494 2597 prato
505 2534 583 2599 gravia
594 2550 658 2582 arma
665 2534 798 2598 quiescunt

172 2608 239 2659 Stant
246 2611 301 2658 lecti
311 2612 398 2660 circum
408 2611 505 2675 juvenes
516 2631 521 2659 :
533 2615 582 2678 ipse
591 2629 664 2678 teger,
674 2612 800 2672 anhelans,

171 2689 237 2737 Colla
247 2684 324 2749 fovet,
333 2691 399 2739 lusus
408 2707 539 2756 propexam
547 2693 572 2740 in
582 2703 675 2757 pectore
685 2692 791 2741 barbam.

171 2769 246 2818 Multa
256 2785 328 2835 super
336 2773 414 2818 Lauso
424 2772 521 2836 rogitat,
530 2772 665 2836 multosque
674 2772 773 2820 remittit

172 2848 221 2911 Qui
231 2862 353 2908 recount,
362 2852 487 2918 moestique
497 2850 571 2906 lerant
578 2850 688 2903 mandata
700 2853 812 2917 parentis

175 2944 198 2976 v.
216 2929 249 2992 84
254 2946 279 2980 o.
