1974 3772
379 218 506 268 muris.
528 222 595 267 nin.
616 223 662 269 xt
841 223 891 287 373

153 317 224 383 Regis
235 316 349 366 Dercenni
359 328 452 365 terreno
462 333 490 366 ex
500 333 581 383 aggere
590 319 689 367 bustum

153 396 253 460 Antiqui
263 397 398 454 Laurentis,
409 399 528 461 opacaque
538 397 589 446 ilice
600 408 695 446 tectum.

149 475 197 523 Hie
207 479 255 522 Dea
265 491 288 522 se
298 475 404 539 primum
413 475 495 540 rapido
505 471 663 540 pulcherrima
672 477 728 526 nisu

152 554 230 610 Sistit,
241 565 264 601 et
274 554 390 602 Aruntem
400 555 494 603 tumulo
504 555 637 619 speculatur
648 556 678 604 ab
688 557 743 604 alto.
776 556 778 559 ’

152 635 185 680 Ut
195 632 255 680 vidit
265 631 394 697 fulgentem
404 634 486 692 armis,
497 640 593 681 ac'vana
604 646 734 684 tumentem
744 653 749 682 :
843 678 847 685 ,

151 714 214 769 Cur,
225 712 315 775 inquit,
326 712 431 760 diversus
441 709 511 760 ahiel.
519 710 567 760 lule
576 713 649 778 dirige
659 730 762 778 gressum
774 749 781 771 ‚

119 822 123 827 ·
153 792 206 838 Huc
216 791 319 854 periture
327 792 394 838 veni:
405 790 483 857 capias
492 804 520 840 ut
530 791 601 857 digna
608 793 716 854 Camillae
827 801 830 806 '

152 869 257 918 Praemia.
265 874 334 918 Tune
344 870 415 919 etiam
424 870 476 919 telis
485 870 584 920 moriere
594 870 695 921 Dianas?

193 948 266 1006 Dixit,
277 961 301 996 et
310 951 391 998 aurata
400 951 520 998 volucrem
529 949 636 999 Threissa
647 953 755 1015 sagittam

153 1027 309 1092 Deprompeit
313 1025 435 1092 pharetra,
445 1045 566 1094 cornuque
576 1029 666 1077 infensa
674 1031 785 1084 tetendit.

152 1110 183 1155 Et
192 1106 260 1154 duxit
270 1107 351 1171 longe,
361 1107 437 1155 donee
445 1120 542 1156 curvata
551 1111 641 1156 eolrent

152 1190 216 1233 lnter
225 1202 249 1232 se
259 1185 347 1249 capita,
357 1197 381 1233 et
390 1185 500 1234 manibus
510 1185 558 1249 jam
567 1197 672 1250 tangeret
682 1185 769 1250 aeqtris,

152 1266 223 1312 Laeva
232 1264 305 1312 aciem
315 1261 382 1322 ferri,
391 1264 473 1313 dextra
482 1280 601 1329 nervoque
611 1264 732 1330 papillam.

138 1408 141 1413 γ
151 1344 277 1407 Extemplo
287 1342 327 1392 teli
337 1342 461 1395 stridorem
468 1361 583 1409 aurasque
593 1356 704 1393 sonantes

151 1422 394 1483 sustinuimus,
404 1420 520 1490 haesitque
530 1424 555 1471 iu
565 1440 663 1488 corpore
672 1423 767 1474 ferrum.
828 1467 831 1470 .

151 1502 223 1550 Illum
233 1502 389 1566 exspirantem
398 1504 454 1552 socii
464 1515 534 1568 atque
545 1515 646 1551 extremo
656 1514 787 1567 gementem
869 1526 870 1537 π

110 1620 113 1626 «
150 1581 226 1629 Obliti
236 1581 316 1646 ignoto
325 1597 464 1646 camporum
473 1583 498 1630 in
507 1583 605 1646 pulvere
615 1583 728 1646 linquunt
739 1600 745 1629 z
807 1612 819 1621 »

151 1659 210 1725 Opis
221 1660 250 1708 ad
260 1658 387 1710 aethereum
397 1660 481 1726 pennis
492 1660 597 1709 aufertur
607 1662 746 1726 Olympum.

190 1736 268 1787 himo
278 1737 351 1806 fugit,
361 1739 457 1788 domini
466 1739 562 1798 aruisset
572 1741 631 1788 levis
642 1740 677 1787 ala
686 1739 790 1789 Camillae
802 1757 807 1786 :

150 1818 250 1867 Turbati
260 1817 355 1882 lugiunt
365 1813 462 1877 Rutuli3
473 1819 534 1884 sugit
543 1835 594 1867 acer
604 1819 700 1878 Atinas;

118 1936 122 1941 ,
141 1895 293 1963 ¹liisjectique
303 1896 375 1946 duces
383 1897 527 1962 desolatique
537 1896 634 1962 manipli

108 1986 112 1991 “
149 1980 212 2024 Tute
222 1986 319 2041 petunt,
330 1988 354 2026 et
363 1976 429 2041 equis
440 1977 514 2026 aversi
524 1977 555 2025 ad
563 1977 650 2025 moenia
664 1977 771 2026 tendunt.

151 2058 199 2104 Nec
208 2055 334 2120 quisquam
343 2056 455 2105 instantes
464 2061 566 2106 Teucros
575 2056 696 2122 letumque
705 2055 805 2105 serentes

152 2136 284 2183 Sustentare
295 2135 357 2184 valet
366 2136 431 2193 telis,
442 2148 482 2184 aut
492 2135 570 2185 sistere
581 2137 678 2185 contri:

151 2213 197 2262 Sed
206 2214 270 2261 laxos
279 2211 384 2262 resenmt
393 2212 497 2263 humeris
506 2215 673 2279 languentibus
683 2230 763 2274 arcus;
801 2262 816 2275 d

152 2292 388 2358 Quadrupedumque
397 2308 492 2356 putrem
501 2309 572 2341 eursu
580 2293 657 2370 quatit
666 2292 755 2357 ungula
765 2307 882 2358 campum

151 2371 263 2420 Volvitur
273 2372 302 2420 ad
311 2369 392 2420 muros
402 2372 499 2437 caligine
509 2372 619 2420 turbidus
629 2373 679 2420 atra

151 2450 244 2508 Pulvis,
257 2461 281 2500 et
290 2453 304 2499 e
313 2451 413 2515 speculis
423 2467 537 2517 percussae
545 2464 641 2517 pectora
648 2462 734 2499 matres

150 2531 289 2579 Femineum
303 2531 428 2580 clamorem
441 2529 471 2577 ad
482 2531 535 2583 ooeli
545 2531 620 2580 sidera
629 2530 722 2579 tollunt

191 2606 241 2670 Qui
250 2623 321 2657 cursu
330 2620 409 2672 postas
417 2611 488 2675 primi
497 2612 602 2675 irrupere
611 2620 730 2675 patentes,

152 2689 200 2733 Hos
210 2685 305 2735 inimica
314 2702 386 2752 super
394 2689 468 2736 mixto
477 2690 563 2754 premit
573 2690 664 2754 agmine
673 2687 743 2736 turha
755 2703 760 2732 ε

151 2767 198 2813 Nec
207 2765 316 2814 miseram
324 2760 440 2833 effugiunt
448 2779 559 2828 mortem3
570 2767 611 2816 sed
620 2767 701 2815 limine
710 2766 735 2812 in
746 2765 810 2829 ipso,

150 2842 270 2893 Moenibus
279 2841 304 2893 iri
313 2847 408 2912 patriis,
418 2859 488 2913 atque
498 2849 560 2896 inter
569 2858 620 2894 tute
629 2847 770 2901 domomm,

150 2941 176 2975 v.
190 2924 254 2975 882.
705 2928 735 2976 32
