<?xml version="1.0" encoding="UTF-8"?>
<!DOCTYPE html PUBLIC "-//W3C//DTD XHTML 1.0 Transitional//EN"
    "http://www.w3.org/TR/xhtml1/DTD/xhtml1-transitional.dtd">
<html xmlns="http://www.w3.org/1999/xhtml" xml:lang="en" lang="en">
 <head>
  <title>
</title>
<meta http-equiv="Content-Type" content="text/html;charset=utf-8" />
  <meta name='ocr-system' content='tesseract 3.04.00' />
  <meta name='ocr-capabilities' content='ocr_page ocr_carea ocr_par ocr_line ocrx_word'/>
</head>
<body>
  <div class='ocr_page' id='page_1' title='image "./bucolicageorgic01virggoog/bucolicageorgic01virggoog_0272.png"; bbox 0 0 1974 3772; ppageno 0'>
   <div class='ocr_carea' id='block_1_1' title="bbox 69 220 848 1726">
    <p class='ocr_par' dir='ltr' id='par_1_1' title="bbox 254 220 848 285">
     <span class='ocr_line' id='line_1_1' title="bbox 254 220 848 285; baseline -0.01 -12"><span class='ocrx_word' id='word_1_1' title='bbox 254 277 257 283; x_wconf 57' lang='grc'><strong>,</strong></span> <span class='ocrx_word' id='word_1_2' title='bbox 317 224 446 274; x_wconf 69' lang='lat' dir='ltr'>AENEIS.</span> <span class='ocrx_word' id='word_1_3' title='bbox 466 224 533 273; x_wconf 75' lang='lat' dir='ltr'>tte.</span> <span class='ocrx_word' id='word_1_4' title='bbox 554 220 636 270; x_wconf 78' lang='lat' dir='ltr'>‚vlit</span> <span class='ocrx_word' id='word_1_5' title='bbox 667 243 669 246; x_wconf 47' lang='lat'><em>⁴</em></span> <span class='ocrx_word' id='word_1_6' title='bbox 796 233 848 285; x_wconf 78' lang='lat'>279</span> 
     </span>
    </p>

    <p class='ocr_par' dir='ltr' id='par_1_2' title="bbox 69 310 659 462">
     <span class='ocr_line' id='line_1_2' title="bbox 69 310 647 383; baseline -0.003 -16"><span class='ocrx_word' id='word_1_7' title='bbox 69 321 72 325; x_wconf 85' lang='lat'>&#39;</span> <span class='ocrx_word' id='word_1_8' title='bbox 110 317 198 383; x_wconf 69' lang='lat' dir='ltr'>Deiecit</span> <span class='ocrx_word' id='word_1_9' title='bbox 208 333 302 376; x_wconf 72' lang='lat' dir='ltr'>uxum,</span> <span class='ocrx_word' id='word_1_10' title='bbox 312 315 373 365; x_wconf 81' lang='lat' dir='ltr'>ferro</span> <span class='ocrx_word' id='word_1_11' title='bbox 383 318 448 382; x_wconf 88' lang='lat' dir='ltr'>quod</span> <span class='ocrx_word' id='word_1_12' title='bbox 458 329 481 366; x_wconf 87' lang='lat' dir='ltr'>et</span> <span class='ocrx_word' id='word_1_13' title='bbox 491 330 540 366; x_wconf 79' lang='lat' dir='ltr'>arte</span> <span class='ocrx_word' id='word_1_14' title='bbox 549 310 647 382; x_wconf 78' lang='lat' dir='ltr'>paterni</span> 
     </span>
     <span class='ocr_line' id='line_1_3' title="bbox 109 394 659 462; baseline -0.004 -15"><span class='ocrx_word' id='word_1_15' title='bbox 109 398 241 456; x_wconf 85' lang='lat' dir='ltr'>Pendebat,</span> <span class='ocrx_word' id='word_1_16' title='bbox 251 397 370 462; x_wconf 81' lang='lat' dir='ltr'>fultosque</span> <span class='ocrx_word' id='word_1_17' title='bbox 379 397 479 445; x_wconf 89' lang='lat' dir='ltr'>emuniit</span> <span class='ocrx_word' id='word_1_18' title='bbox 488 396 555 446; x_wconf 85' lang='lat' dir='ltr'>obice</span> <span class='ocrx_word' id='word_1_19' title='bbox 563 394 642 462; x_wconf 80' lang='lat' dir='ltr'>postes</span> <span class='ocrx_word' id='word_1_20' title='bbox 649 412 659 451; x_wconf 70' lang='grc' dir='ltr'>ε,</span> 
     </span>
    </p>

    <p class='ocr_par' dir='ltr' id='par_1_3' title="bbox 107 473 788 1332">
     <span class='ocr_line' id='line_1_4' title="bbox 110 473 756 545; baseline 0.002 -19"><span class='ocrx_word' id='word_1_21' title='bbox 110 481 168 526; x_wconf 88' lang='lat' dir='ltr'>Ecce</span> <span class='ocrx_word' id='word_1_22' title='bbox 178 477 259 524; x_wconf 83' lang='lat' dir='ltr'>furens</span> <span class='ocrx_word' id='word_1_23' title='bbox 269 476 352 525; x_wconf 88' lang='lat' dir='ltr'>aniruis</span> <span class='ocrx_word' id='word_1_24' title='bbox 362 477 441 524; x_wconf 84' lang='lat' dir='ltr'>ederet</span> <span class='ocrx_word' id='word_1_25' title='bbox 449 473 604 542; x_wconf 76' lang='lat' dir='ltr'>Tirynthius,</span> <span class='ocrx_word' id='word_1_26' title='bbox 613 491 756 545; x_wconf 78' lang='lat' dir='ltr'>omnemque</span> 
     </span>
     <span class='ocr_line' id='line_1_5' title="bbox 109 553 671 614; baseline -0.004 -10"><span class='ocrx_word' id='word_1_27' title='bbox 109 557 235 604; x_wconf 79' lang='lat' dir='ltr'><strong>Accessum</strong></span> <span class='ocrx_word' id='word_1_28' title='bbox 243 556 359 614; x_wconf 80' lang='lat' dir='ltr'>lustrans,</span> <span class='ocrx_word' id='word_1_29' title='bbox 366 553 413 603; x_wconf 83' lang='lat' dir='ltr'>hirc</span> <span class='ocrx_word' id='word_1_30' title='bbox 423 572 464 604; x_wconf 84' lang='lat' dir='ltr'>ora</span> <span class='ocrx_word' id='word_1_31' title='bbox 474 555 563 605; x_wconf 86' lang='lat' dir='ltr'>serebat</span> <span class='ocrx_word' id='word_1_32' title='bbox 571 568 596 604; x_wconf 89' lang='lat' dir='ltr'>et</span> <span class='ocrx_word' id='word_1_33' title='bbox 604 556 671 613; x_wconf 78' lang='lat' dir='ltr'>illlrc,</span> 
     </span>
     <span class='ocr_line' id='line_1_6' title="bbox 109 633 676 684; baseline 0 -2"><span class='ocrx_word' id='word_1_34' title='bbox 109 636 226 683; x_wconf 81' lang='lat' dir='ltr'>Dentibus</span> <span class='ocrx_word' id='word_1_35' title='bbox 235 633 376 683; x_wconf 79' lang='lat' dir='ltr'>infrendens.</span> <span class='ocrx_word' id='word_1_36' title='bbox 387 639 433 684; x_wconf 89' lang='lat' dir='ltr'>Ter</span> <span class='ocrx_word' id='word_1_37' title='bbox 442 647 520 682; x_wconf 88' lang='lat' dir='ltr'>totum</span> <span class='ocrx_word' id='word_1_38' title='bbox 529 633 633 684; x_wconf 78' lang='lat' dir='ltr'>fervidus</span> <span class='ocrx_word' id='word_1_39' title='bbox 642 635 676 683; x_wconf 79' lang='lat' dir='ltr'>irt</span> 
     </span>
     <span class='ocr_line' id='line_1_7' title="bbox 110 714 658 775; baseline 0 -13"><span class='ocrx_word' id='word_1_40' title='bbox 110 719 204 762; x_wconf 84' lang='lat' dir='ltr'><strong>Lustrat</strong></span> <span class='ocrx_word' id='word_1_41' title='bbox 212 714 324 763; x_wconf 78' lang='lat' dir='ltr'>Aventini</span> <span class='ocrx_word' id='word_1_42' title='bbox 335 727 450 774; x_wconf 66' lang='lat' dir='ltr'>montem</span> <span class='ocrx_word' id='word_1_43' title='bbox 462 725 497 763; x_wconf 87' lang='lat' dir='ltr'>ter</span> <span class='ocrx_word' id='word_1_44' title='bbox 506 729 573 775; x_wconf 65' lang='lat' dir='ltr'>saxea</span> <span class='ocrx_word' id='word_1_45' title='bbox 582 725 658 763; x_wconf 81' lang='lat' dir='ltr'>tentat</span> 
     </span>
     <span class='ocr_line' id='line_1_8' title="bbox 109 792 690 861; baseline 0.002 -19"><span class='ocrx_word' id='word_1_46' title='bbox 109 793 201 842; x_wconf 83' lang='lat' dir='ltr'>Limina</span> <span class='ocrx_word' id='word_1_47' title='bbox 211 795 387 861; x_wconf 69' lang='lat' dir='ltr'>nequicquam</span> <span class='ocrx_word' id='word_1_48' title='bbox 398 806 434 842; x_wconf 90' lang='lat' dir='ltr'>ter</span> <span class='ocrx_word' id='word_1_49' title='bbox 443 792 516 843; x_wconf 78' lang='lat' dir='ltr'>sessus</span> <span class='ocrx_word' id='word_1_50' title='bbox 527 794 588 842; x_wconf 83' lang='lat' dir='ltr'>valle</span> <span class='ocrx_word' id='word_1_51' title='bbox 598 793 690 843; x_wconf 79' lang='lat' dir='ltr'>resedit.</span> 
     </span>
     <span class='ocr_line' id='line_1_9' title="bbox 108 873 658 938; baseline 0 -16"><span class='ocrx_word' id='word_1_52' title='bbox 108 873 190 922; x_wconf 83' lang='lat' dir='ltr'><strong>Stabat</strong></span> <span class='ocrx_word' id='word_1_53' title='bbox 199 886 265 922; x_wconf 85' lang='lat' dir='ltr'>acuta</span> <span class='ocrx_word' id='word_1_54' title='bbox 276 874 346 932; x_wconf 82' lang='lat' dir='ltr'>silex,</span> <span class='ocrx_word' id='word_1_55' title='bbox 356 873 458 938; x_wconf 80' lang='lat' dir='ltr'>praecisis</span> <span class='ocrx_word' id='word_1_56' title='bbox 468 873 575 937; x_wconf 73' lang='lat' dir='ltr'>undique</span> <span class='ocrx_word' id='word_1_57' title='bbox 584 873 658 931; x_wconf 77' lang='lat' dir='ltr'>sexis,</span> 
     </span>
     <span class='ocr_line' id='line_1_10' title="bbox 109 952 648 1017; baseline 0 -17"><span class='ocrx_word' id='word_1_58' title='bbox 109 952 229 1016; x_wconf 89' lang='lat' dir='ltr'>Speluncae</span> <span class='ocrx_word' id='word_1_59' title='bbox 238 952 306 1000; x_wconf 86' lang='lat' dir='ltr'>dorso</span> <span class='ocrx_word' id='word_1_60' title='bbox 317 953 450 1017; x_wconf 78' lang='lat' dir='ltr'>insurgent,</span> <span class='ocrx_word' id='word_1_61' title='bbox 462 953 571 1000; x_wconf 84' lang='lat' dir='ltr'>altissima</span> <span class='ocrx_word' id='word_1_62' title='bbox 582 952 648 1008; x_wconf 84' lang='lat' dir='ltr'>visu,</span> 
     </span>
     <span class='ocr_line' id='line_1_11' title="bbox 109 1031 668 1096; baseline 0 -19"><span class='ocrx_word' id='word_1_63' title='bbox 109 1032 219 1079; x_wconf 87' lang='lat' dir='ltr'>Dirarum</span> <span class='ocrx_word' id='word_1_64' title='bbox 228 1031 289 1079; x_wconf 88' lang='lat' dir='ltr'>nidis</span> <span class='ocrx_word' id='word_1_65' title='bbox 298 1031 383 1080; x_wconf 86' lang='lat' dir='ltr'>domus</span> <span class='ocrx_word' id='word_1_66' title='bbox 392 1043 527 1096; x_wconf 84' lang='lat' dir='ltr'>opportuna</span> <span class='ocrx_word' id='word_1_67' title='bbox 536 1032 668 1079; x_wconf 83' lang='lat' dir='ltr'>volucrum.</span> 
     </span>
     <span class='ocr_line' id='line_1_12' title="bbox 108 1108 788 1175; baseline 0.004 -19"><span class='ocrx_word' id='word_1_68' title='bbox 108 1114 186 1168; x_wconf 84' lang='lat' dir='ltr'>Hanc,</span> <span class='ocrx_word' id='word_1_69' title='bbox 196 1121 224 1157; x_wconf 95' lang='lat' dir='ltr'>ut</span> <span class='ocrx_word' id='word_1_70' title='bbox 233 1126 308 1174; x_wconf 88' lang='lat' dir='ltr'>prona</span> <span class='ocrx_word' id='word_1_71' title='bbox 318 1108 374 1175; x_wconf 72' lang='lat' dir='ltr'>jugo</span> <span class='ocrx_word' id='word_1_72' title='bbox 383 1110 472 1158; x_wconf 83' lang='lat' dir='ltr'>lterum</span> <span class='ocrx_word' id='word_1_73' title='bbox 480 1110 632 1158; x_wconf 68' lang='lat' dir='ltr'>incumbebat</span> <span class='ocrx_word' id='word_1_74' title='bbox 643 1109 673 1158; x_wconf 91' lang='lat' dir='ltr'>ad</span> <span class='ocrx_word' id='word_1_75' title='bbox 682 1125 788 1165; x_wconf 80' lang='lat' dir='ltr'>amnem,</span> 
     </span>
     <span class='ocr_line' id='line_1_13' title="bbox 108 1187 686 1246; baseline 0.002 -10"><span class='ocrx_word' id='word_1_76' title='bbox 108 1193 193 1236; x_wconf 86' lang='lat' dir='ltr'>Dexter</span> <span class='ocrx_word' id='word_1_77' title='bbox 203 1190 228 1236; x_wconf 90' lang='lat' dir='ltr'>iu</span> <span class='ocrx_word' id='word_1_78' title='bbox 239 1187 363 1236; x_wconf 77' lang='lat' dir='ltr'>adversm</span> <span class='ocrx_word' id='word_1_79' title='bbox 373 1189 450 1236; x_wconf 88' lang='lat' dir='ltr'>nitens</span> <span class='ocrx_word' id='word_1_80' title='bbox 459 1189 589 1246; x_wconf 73' lang='lat' dir='ltr'>concussit,</span> <span class='ocrx_word' id='word_1_81' title='bbox 599 1200 623 1236; x_wconf 89' lang='lat' dir='ltr'>et</span> <span class='ocrx_word' id='word_1_82' title='bbox 631 1188 686 1237; x_wconf 70' lang='lat' dir='ltr'>imis</span> 
     </span>
     <span class='ocr_line' id='line_1_14' title="bbox 107 1267 619 1332; baseline 0.004 -18"><span class='ocrx_word' id='word_1_83' title='bbox 107 1268 222 1315; x_wconf 73' lang='lat' dir='ltr'>Avtdsam</span> <span class='ocrx_word' id='word_1_84' title='bbox 232 1267 303 1315; x_wconf 87' lang='lat' dir='ltr'>solvit</span> <span class='ocrx_word' id='word_1_85' title='bbox 312 1267 429 1316; x_wconf 81' lang='lat' dir='ltr'>radicibus</span> <span class='ocrx_word' id='word_1_86' title='bbox 440 1284 445 1313; x_wconf 92' lang='lat'>:</span> <span class='ocrx_word' id='word_1_87' title='bbox 457 1267 513 1315; x_wconf 79' lang='lat' dir='ltr'>inde</span> <span class='ocrx_word' id='word_1_88' title='bbox 522 1270 619 1332; x_wconf 69' lang='lat' dir='ltr'>repente</span> 
     </span>
    </p>

    <p class='ocr_par' dir='ltr' id='par_1_4' title="bbox 107 1345 718 1490">
     <span class='ocr_line' id='line_1_15' title="bbox 107 1345 718 1411; baseline -0.003 -17"><span class='ocrx_word' id='word_1_89' title='bbox 107 1345 218 1411; x_wconf 80' lang='lat' dir='ltr'>Impulit,</span> <span class='ocrx_word' id='word_1_90' title='bbox 229 1347 334 1411; x_wconf 88' lang='lat' dir='ltr'>impulsu</span> <span class='ocrx_word' id='word_1_91' title='bbox 343 1363 392 1411; x_wconf 91' lang='lat' dir='ltr'>quo</span> <span class='ocrx_word' id='word_1_92' title='bbox 402 1346 518 1394; x_wconf 80' lang='lat' dir='ltr'>maximus</span> <span class='ocrx_word' id='word_1_93' title='bbox 529 1348 621 1395; x_wconf 84' lang='lat' dir='ltr'>insonet</span> <span class='ocrx_word' id='word_1_94' title='bbox 629 1345 702 1395; x_wconf 74' lang='lat' dir='ltr'>uther</span> <span class='ocrx_word' id='word_1_95' title='bbox 713 1364 718 1392; x_wconf 82' lang='lat' dir='ltr'>r</span> 
     </span>
     <span class='ocr_line' id='line_1_16' title="bbox 107 1426 678 1490; baseline 0.004 -18"><span class='ocrx_word' id='word_1_96' title='bbox 107 1426 238 1474; x_wconf 84' lang='lat' dir='ltr'>Dissultent</span> <span class='ocrx_word' id='word_1_97' title='bbox 248 1426 317 1490; x_wconf 75' lang='lat' dir='ltr'>ripae,</span> <span class='ocrx_word' id='word_1_98' title='bbox 328 1426 453 1489; x_wconf 81' lang='lat' dir='ltr'>refluitque</span> <span class='ocrx_word' id='word_1_99' title='bbox 462 1427 586 1473; x_wconf 76' lang='lat' dir='ltr'>exterritus</span> <span class='ocrx_word' id='word_1_100' title='bbox 596 1427 678 1474; x_wconf 78' lang='lat' dir='ltr'>curnis.</span> 
     </span>
    </p>

    <p class='ocr_par' dir='ltr' id='par_1_5' title="bbox 107 1503 636 1569">
     <span class='ocr_line' id='line_1_17' title="bbox 107 1503 636 1569; baseline 0 -17"><span class='ocrx_word' id='word_1_101' title='bbox 107 1505 139 1554; x_wconf 79' lang='lat' dir='ltr'>At</span> <span class='ocrx_word' id='word_1_102' title='bbox 149 1521 232 1569; x_wconf 84' lang='lat' dir='ltr'>specus</span> <span class='ocrx_word' id='word_1_103' title='bbox 241 1516 265 1553; x_wconf 93' lang='lat' dir='ltr'>et</span> <span class='ocrx_word' id='word_1_104' title='bbox 272 1505 327 1553; x_wconf 84' lang='lat' dir='ltr'>Caci</span> <span class='ocrx_word' id='word_1_105' title='bbox 337 1505 425 1553; x_wconf 88' lang='lat' dir='ltr'>detecta</span> <span class='ocrx_word' id='word_1_106' title='bbox 436 1503 545 1567; x_wconf 77' lang='lat' dir='ltr'>apperuit</span> <span class='ocrx_word' id='word_1_107' title='bbox 555 1505 636 1568; x_wconf 76' lang='lat' dir='ltr'>ingens</span> 
     </span>
    </p>

    <p class='ocr_par' dir='ltr' id='par_1_6' title="bbox 107 1583 687 1649">
     <span class='ocr_line' id='line_1_18' title="bbox 107 1583 687 1649; baseline -0.002 -18"><span class='ocrx_word' id='word_1_108' title='bbox 107 1584 189 1649; x_wconf 82' lang='lat' dir='ltr'>Regia,</span> <span class='ocrx_word' id='word_1_109' title='bbox 198 1595 222 1632; x_wconf 91' lang='lat' dir='ltr'>et</span> <span class='ocrx_word' id='word_1_110' title='bbox 231 1584 349 1631; x_wconf 71' lang='lat' dir='ltr'>umbrosa</span> <span class='ocrx_word' id='word_1_111' title='bbox 358 1583 452 1646; x_wconf 83' lang='lat' dir='ltr'>penitbs</span> <span class='ocrx_word' id='word_1_112' title='bbox 462 1583 558 1646; x_wconf 56' lang='lat' dir='ltr'>patuere</span> <span class='ocrx_word' id='word_1_113' title='bbox 569 1598 687 1630; x_wconf 79' lang='lat' dir='ltr'>cavernae:</span> 
     </span>
    </p>

    <p class='ocr_par' dir='ltr' id='par_1_7' title="bbox 107 1658 700 1726">
     <span class='ocr_line' id='line_1_19' title="bbox 107 1658 700 1726; baseline -0.005 -15"><span class='ocrx_word' id='word_1_114' title='bbox 107 1666 160 1711; x_wconf 82' lang='lat' dir='ltr'>Non</span> <span class='ocrx_word' id='word_1_115' title='bbox 171 1664 237 1711; x_wconf 85' lang='lat' dir='ltr'>secirs</span> <span class='ocrx_word' id='word_1_116' title='bbox 247 1663 302 1710; x_wconf 83' lang='lat' dir='ltr'>acsi</span> <span class='ocrx_word' id='word_1_117' title='bbox 313 1664 360 1726; x_wconf 70' lang='lat' dir='ltr'>qud</span> <span class='ocrx_word' id='word_1_118' title='bbox 370 1661 465 1725; x_wconf 77' lang='lat' dir='ltr'>penitbs</span> <span class='ocrx_word' id='word_1_119' title='bbox 474 1661 498 1708; x_wconf 85' lang='lat' dir='ltr'>vi</span> <span class='ocrx_word' id='word_1_120' title='bbox 508 1673 568 1709; x_wconf 84' lang='lat' dir='ltr'>terra</span> <span class='ocrx_word' id='word_1_121' title='bbox 579 1658 700 1709; x_wconf 84' lang='lat' dir='ltr'>dehiscens</span> 
     </span>
    </p>
   </div>
   <div class='ocr_carea' id='block_1_2' title="bbox 15 1740 621 1805">
    <p class='ocr_par' dir='ltr' id='par_1_8' title="bbox 15 1740 621 1805">
     <span class='ocr_line' id='line_1_20' title="bbox 15 1740 621 1805; baseline -0.003 -15"><span class='ocrx_word' id='word_1_122' title='bbox 15 1770 19 1779; x_wconf 70' lang='lat'>=</span> <span class='ocrx_word' id='word_1_123' title='bbox 107 1741 212 1790; x_wconf 83' lang='lat' dir='ltr'>Infernas</span> <span class='ocrx_word' id='word_1_124' title='bbox 221 1751 306 1788; x_wconf 81' lang='lat' dir='ltr'>reseret</span> <span class='ocrx_word' id='word_1_125' title='bbox 316 1740 394 1798; x_wconf 84' lang='lat' dir='ltr'>sedes,</span> <span class='ocrx_word' id='word_1_126' title='bbox 404 1752 427 1789; x_wconf 91' lang='lat' dir='ltr'>et</span> <span class='ocrx_word' id='word_1_127' title='bbox 437 1756 508 1805; x_wconf 73' lang='lat' dir='ltr'>regna</span> <span class='ocrx_word' id='word_1_128' title='bbox 517 1740 621 1789; x_wconf 88' lang='lat' dir='ltr'>recludat</span> 
     </span>
    </p>
   </div>
   <div class='ocr_carea' id='block_1_3' title="bbox 105 1811 803 2984">
    <p class='ocr_par' dir='ltr' id='par_1_9' title="bbox 106 1811 803 1884">
     <span class='ocr_line' id='line_1_21' title="bbox 106 1811 803 1884; baseline 0.003 -17"><span class='ocrx_word' id='word_1_129' title='bbox 106 1820 208 1880; x_wconf 82' lang='lat' dir='ltr'>Pallida,</span> <span class='ocrx_word' id='word_1_130' title='bbox 219 1821 260 1868; x_wconf 79' lang='lat' dir='ltr'>Dis</span> <span class='ocrx_word' id='word_1_131' title='bbox 270 1821 345 1868; x_wconf 80' lang='lat' dir='ltr'>invisa</span> <span class='ocrx_word' id='word_1_132' title='bbox 352 1856 358 1878; x_wconf 90' lang='lat'>‚</span> <span class='ocrx_word' id='word_1_133' title='bbox 366 1835 484 1884; x_wconf 75' lang='lat' dir='ltr'>superque</span> <span class='ocrx_word' id='word_1_134' title='bbox 494 1819 596 1869; x_wconf 82' lang='lat' dir='ltr'>immane</span> <span class='ocrx_word' id='word_1_135' title='bbox 605 1819 744 1869; x_wconf 73' lang='lat' dir='ltr'>barathrum</span> <span class='ocrx_word' id='word_1_136' title='bbox 798 1811 803 1820; x_wconf 67' lang='grc'><em>’</em></span> 
     </span>
    </p>

    <p class='ocr_par' dir='ltr' id='par_1_10' title="bbox 106 1898 746 2045">
     <span class='ocr_line' id='line_1_22' title="bbox 106 1898 746 1964; baseline 0.003 -17"><span class='ocrx_word' id='word_1_137' title='bbox 106 1903 234 1958; x_wconf 86' lang='lat' dir='ltr'>Cematur,</span> <span class='ocrx_word' id='word_1_138' title='bbox 245 1900 421 1964; x_wconf 66' lang='lat' dir='ltr'>trepidemus,</span> <span class='ocrx_word' id='word_1_139' title='bbox 431 1899 536 1948; x_wconf 87' lang='lat' dir='ltr'>immisso</span> <span class='ocrx_word' id='word_1_140' title='bbox 546 1898 649 1956; x_wconf 85' lang='lat' dir='ltr'>lumine,</span> <span class='ocrx_word' id='word_1_141' title='bbox 659 1902 746 1949; x_wconf 67' lang='lat' dir='ltr'>Manes</span> 
     </span>
     <span class='ocr_line' id='line_1_23' title="bbox 146 1978 704 2045; baseline 0 -17"><span class='ocrx_word' id='word_1_142' title='bbox 146 1984 208 2044; x_wconf 83' lang='lat' dir='ltr'>Ergo</span> <span class='ocrx_word' id='word_1_143' title='bbox 217 1980 334 2045; x_wconf 74' lang='lat' dir='ltr'>inspereta</span> <span class='ocrx_word' id='word_1_144' title='bbox 344 1979 487 2044; x_wconf 86' lang='lat' dir='ltr'>deprensum</span> <span class='ocrx_word' id='word_1_145' title='bbox 496 1979 522 2026; x_wconf 90' lang='lat' dir='ltr'>in</span> <span class='ocrx_word' id='word_1_146' title='bbox 531 1978 584 2028; x_wconf 86' lang='lat' dir='ltr'>luce</span> <span class='ocrx_word' id='word_1_147' title='bbox 594 1980 704 2044; x_wconf 72' lang='lat' dir='ltr'>repentb,</span> 
     </span>
    </p>

    <p class='ocr_par' dir='ltr' id='par_1_11' title="bbox 107 2058 748 2123">
     <span class='ocr_line' id='line_1_24' title="bbox 107 2058 748 2123; baseline 0.003 -17"><span class='ocrx_word' id='word_1_148' title='bbox 107 2060 274 2123; x_wconf 84' lang='lat' dir='ltr'>lnclusmnque</span> <span class='ocrx_word' id='word_1_149' title='bbox 281 2075 341 2107; x_wconf 79' lang='lat' dir='ltr'>cavo</span> <span class='ocrx_word' id='word_1_150' title='bbox 351 2076 419 2116; x_wconf 83' lang='lat' dir='ltr'>saxo,</span> <span class='ocrx_word' id='word_1_151' title='bbox 430 2071 500 2122; x_wconf 87' lang='lat' dir='ltr'>atque</span> <span class='ocrx_word' id='word_1_152' title='bbox 511 2059 602 2107; x_wconf 87' lang='lat' dir='ltr'>insuete</span> <span class='ocrx_word' id='word_1_153' title='bbox 611 2058 748 2114; x_wconf 80' lang='lat' dir='ltr'>rudentem,</span> 
     </span>
    </p>

    <p class='ocr_par' dir='ltr' id='par_1_12' title="bbox 107 2138 695 2204">
     <span class='ocr_line' id='line_1_25' title="bbox 107 2138 695 2204; baseline 0.003 -19"><span class='ocrx_word' id='word_1_154' title='bbox 107 2142 212 2202; x_wconf 90' lang='lat' dir='ltr'>Desuper</span> <span class='ocrx_word' id='word_1_155' title='bbox 223 2138 315 2187; x_wconf 82' lang='lat' dir='ltr'>Alcides</span> <span class='ocrx_word' id='word_1_156' title='bbox 326 2139 377 2187; x_wconf 81' lang='lat' dir='ltr'>telis</span> <span class='ocrx_word' id='word_1_157' title='bbox 386 2139 484 2204; x_wconf 87' lang='lat' dir='ltr'>premit,</span> <span class='ocrx_word' id='word_1_158' title='bbox 495 2138 621 2201; x_wconf 83' lang='lat' dir='ltr'>omniaque</span> <span class='ocrx_word' id='word_1_159' title='bbox 631 2154 695 2187; x_wconf 84' lang='lat' dir='ltr'>arma</span> 
     </span>
    </p>

    <p class='ocr_par' dir='ltr' id='par_1_13' title="bbox 107 2216 799 2281">
     <span class='ocr_line' id='line_1_26' title="bbox 107 2216 799 2281; baseline 0 -17"><span class='ocrx_word' id='word_1_160' title='bbox 107 2217 225 2274; x_wconf 75' lang='lat' dir='ltr'>Advocat‚</span> <span class='ocrx_word' id='word_1_161' title='bbox 236 2229 260 2265; x_wconf 90' lang='lat' dir='ltr'>et</span> <span class='ocrx_word' id='word_1_162' title='bbox 269 2219 339 2265; x_wconf 90' lang='lat' dir='ltr'>ramis</span> <span class='ocrx_word' id='word_1_163' title='bbox 348 2218 470 2281; x_wconf 83' lang='lat' dir='ltr'>vastisque</span> <span class='ocrx_word' id='word_1_164' title='bbox 479 2216 608 2265; x_wconf 86' lang='lat' dir='ltr'>molaribus</span> <span class='ocrx_word' id='word_1_165' title='bbox 618 2217 694 2264; x_wconf 83' lang='lat' dir='ltr'>instat</span> <span class='ocrx_word' id='word_1_166' title='bbox 734 2235 737 2245; x_wconf 95' lang='lat'><em>·</em></span> <span class='ocrx_word' id='word_1_167' title='bbox 781 2242 799 2271; x_wconf 46' lang='grc' dir='ltr'>χ</span> 
     </span>
    </p>

    <p class='ocr_par' dir='ltr' id='par_1_14' title="bbox 106 2293 777 2361">
     <span class='ocr_line' id='line_1_27' title="bbox 106 2293 777 2361; baseline 0 -17"><span class='ocrx_word' id='word_1_168' title='bbox 106 2297 148 2344; x_wconf 91' lang='lat' dir='ltr'>Ille</span> <span class='ocrx_word' id='word_1_169' title='bbox 159 2309 239 2345; x_wconf 88' lang='lat' dir='ltr'>autem</span> <span class='ocrx_word' id='word_1_170' title='bbox 247 2296 338 2360; x_wconf 87' lang='lat' dir='ltr'>(neque</span> <span class='ocrx_word' id='word_1_171' title='bbox 347 2297 412 2344; x_wconf 90' lang='lat' dir='ltr'>euim</span> <span class='ocrx_word' id='word_1_172' title='bbox 420 2297 476 2361; x_wconf 74' lang='lat' dir='ltr'>luga</span> <span class='ocrx_word' id='word_1_173' title='bbox 486 2293 533 2358; x_wconf 88' lang='lat' dir='ltr'>jam</span> <span class='ocrx_word' id='word_1_174' title='bbox 543 2311 614 2360; x_wconf 84' lang='lat' dir='ltr'>super</span> <span class='ocrx_word' id='word_1_175' title='bbox 623 2295 671 2343; x_wconf 82' lang='lat' dir='ltr'>ulla</span> <span class='ocrx_word' id='word_1_176' title='bbox 682 2295 777 2361; x_wconf 87' lang='lat' dir='ltr'>pericli)</span> 
     </span>
    </p>

    <p class='ocr_par' dir='ltr' id='par_1_15' title="bbox 106 2374 675 2441">
     <span class='ocr_line' id='line_1_28' title="bbox 106 2374 675 2441; baseline -0.002 -18"><span class='ocrx_word' id='word_1_177' title='bbox 106 2376 224 2424; x_wconf 82' lang='lat' dir='ltr'>Faucibus</span> <span class='ocrx_word' id='word_1_178' title='bbox 234 2376 353 2441; x_wconf 80' lang='lat' dir='ltr'>ingentem</span> <span class='ocrx_word' id='word_1_179' title='bbox 363 2374 470 2435; x_wconf 85' lang='lat' dir='ltr'>fumum,</span> <span class='ocrx_word' id='word_1_180' title='bbox 480 2374 586 2424; x_wconf 85' lang='lat' dir='ltr'>mirabile</span> <span class='ocrx_word' id='word_1_181' title='bbox 596 2374 675 2433; x_wconf 85' lang='lat' dir='ltr'>dictu,</span> 
     </span>
    </p>

    <p class='ocr_par' dir='ltr' id='par_1_16' title="bbox 105 2455 670 2521">
     <span class='ocr_line' id='line_1_29' title="bbox 105 2455 670 2521; baseline 0.002 -19"><span class='ocrx_word' id='word_1_182' title='bbox 105 2457 214 2515; x_wconf 82' lang='lat' dir='ltr'>Evomit,</span> <span class='ocrx_word' id='word_1_183' title='bbox 225 2456 373 2520; x_wconf 83' lang='lat' dir='ltr'>involvitque</span> <span class='ocrx_word' id='word_1_184' title='bbox 383 2456 483 2504; x_wconf 86' lang='lat' dir='ltr'>domum</span> <span class='ocrx_word' id='word_1_185' title='bbox 491 2455 589 2521; x_wconf 71' lang='lat' dir='ltr'>caligine</span> <span class='ocrx_word' id='word_1_186' title='bbox 598 2455 670 2512; x_wconf 64' lang='lat' dir='ltr'>wei,</span> 
     </span>
    </p>

    <p class='ocr_par' dir='ltr' id='par_1_17' title="bbox 106 2533 768 2601">
     <span class='ocr_line' id='line_1_30' title="bbox 106 2533 768 2601; baseline -0.005 -19"><span class='ocrx_word' id='word_1_187' title='bbox 106 2538 259 2600; x_wconf 81' lang='lat' dir='ltr'>Prospecturu</span> <span class='ocrx_word' id='word_1_188' title='bbox 267 2536 369 2600; x_wconf 85' lang='lat' dir='ltr'>eripiens</span> <span class='ocrx_word' id='word_1_189' title='bbox 379 2537 466 2593; x_wconf 86' lang='lat' dir='ltr'>oculis,</span> <span class='ocrx_word' id='word_1_190' title='bbox 476 2535 635 2601; x_wconf 54' lang='lat' dir='ltr'>pomumque</span> <span class='ocrx_word' id='word_1_191' title='bbox 646 2533 692 2581; x_wconf 85' lang='lat' dir='ltr'>sub</span> <span class='ocrx_word' id='word_1_192' title='bbox 701 2542 768 2585; x_wconf 80' lang='lat' dir='ltr'>antro</span> 
     </span>
    </p>

    <p class='ocr_par' dir='ltr' id='par_1_18' title="bbox 106 2613 693 2680">
     <span class='ocr_line' id='line_1_31' title="bbox 106 2613 693 2680; baseline 0.003 -19"><span class='ocrx_word' id='word_1_193' title='bbox 106 2614 251 2663; x_wconf 84' lang='lat' dir='ltr'>Fumiseram</span> <span class='ocrx_word' id='word_1_194' title='bbox 261 2627 367 2675; x_wconf 81' lang='lat' dir='ltr'>noctem,</span> <span class='ocrx_word' id='word_1_195' title='bbox 377 2615 509 2664; x_wconf 68' lang='lat' dir='ltr'>commutis</span> <span class='ocrx_word' id='word_1_196' title='bbox 519 2617 572 2680; x_wconf 75' lang='lat' dir='ltr'>igne</span> <span class='ocrx_word' id='word_1_197' title='bbox 582 2613 693 2663; x_wconf 75' lang='lat' dir='ltr'>tenebris.</span> 
     </span>
    </p>

    <p class='ocr_par' dir='ltr' id='par_1_19' title="bbox 106 2693 717 2758">
     <span class='ocr_line' id='line_1_32' title="bbox 106 2693 717 2758; baseline -0.003 -17"><span class='ocrx_word' id='word_1_198' title='bbox 106 2697 160 2742; x_wconf 90' lang='lat' dir='ltr'>Non</span> <span class='ocrx_word' id='word_1_199' title='bbox 170 2696 225 2744; x_wconf 88' lang='lat' dir='ltr'>tulit</span> <span class='ocrx_word' id='word_1_200' title='bbox 235 2695 328 2744; x_wconf 74' lang='lat' dir='ltr'>Alcides</span> <span class='ocrx_word' id='word_1_201' title='bbox 338 2695 434 2754; x_wconf 79' lang='lat' dir='ltr'>animis,</span> <span class='ocrx_word' id='word_1_202' title='bbox 445 2711 516 2758; x_wconf 83' lang='lat' dir='ltr'>seque</span> <span class='ocrx_word' id='word_1_203' title='bbox 527 2694 576 2757; x_wconf 90' lang='lat' dir='ltr'>ipse</span> <span class='ocrx_word' id='word_1_204' title='bbox 586 2709 629 2758; x_wconf 90' lang='lat' dir='ltr'>per</span> <span class='ocrx_word' id='word_1_205' title='bbox 639 2693 717 2757; x_wconf 78' lang='lat' dir='ltr'>ignem</span> 
     </span>
    </p>

    <p class='ocr_par' dir='ltr' id='par_1_20' title="bbox 106 2772 664 2838">
     <span class='ocr_line' id='line_1_33' title="bbox 106 2772 664 2838; baseline -0.002 -17"><span class='ocrx_word' id='word_1_206' title='bbox 106 2775 223 2838; x_wconf 85' lang='lat' dir='ltr'>Praecipiti</span> <span class='ocrx_word' id='word_1_207' title='bbox 232 2773 286 2837; x_wconf 86' lang='lat' dir='ltr'>jecit</span> <span class='ocrx_word' id='word_1_208' title='bbox 295 2775 368 2831; x_wconf 86' lang='lat' dir='ltr'>saltu,</span> <span class='ocrx_word' id='word_1_209' title='bbox 380 2776 427 2837; x_wconf 75' lang='lat' dir='ltr'>qut</span> <span class='ocrx_word' id='word_1_210' title='bbox 434 2774 552 2838; x_wconf 81' lang='lat' dir='ltr'>plurimus</span> <span class='ocrx_word' id='word_1_211' title='bbox 563 2772 652 2820; x_wconf 84' lang='lat' dir='ltr'>undam</span> <span class='ocrx_word' id='word_1_212' title='bbox 662 2823 664 2828; x_wconf 68' lang='grc'>,</span> 
     </span>
    </p>

    <p class='ocr_par' dir='ltr' id='par_1_21' title="bbox 107 2854 751 2921">
     <span class='ocr_line' id='line_1_34' title="bbox 107 2854 751 2921; baseline -0.003 -21"><span class='ocrx_word' id='word_1_213' title='bbox 107 2857 197 2900; x_wconf 81' lang='lat' dir='ltr'>Fumus</span> <span class='ocrx_word' id='word_1_214' title='bbox 208 2854 267 2921; x_wconf 73' lang='lat' dir='ltr'>egit,</span> <span class='ocrx_word' id='word_1_215' title='bbox 278 2854 411 2921; x_wconf 65' lang='lat' dir='ltr'>nebulaque</span> <span class='ocrx_word' id='word_1_216' title='bbox 422 2855 502 2918; x_wconf 82' lang='lat' dir='ltr'>ingens</span> <span class='ocrx_word' id='word_1_217' title='bbox 510 2869 593 2918; x_wconf 83' lang='lat' dir='ltr'>specus</span> <span class='ocrx_word' id='word_1_218' title='bbox 603 2861 686 2899; x_wconf 75' lang='lat' dir='ltr'>aestuat</span> <span class='ocrx_word' id='word_1_219' title='bbox 696 2854 751 2898; x_wconf 80' lang='lat' dir='ltr'>atel.</span> 
     </span>
    </p>

    <p class='ocr_par' dir='ltr' id='par_1_22' title="bbox 106 2933 422 2984">
     <span class='ocr_line' id='line_1_35' title="bbox 106 2933 422 2984; baseline 0 0"><span class='ocrx_word' id='word_1_220' title='bbox 106 2953 131 2984; x_wconf 81' lang='grc' dir='ltr'>ν.</span> <span class='ocrx_word' id='word_1_221' title='bbox 152 2933 214 2984; x_wconf 82' lang='lat'><strong>258.</strong></span> <span class='ocrx_word' id='word_1_222' title='bbox 421 2947 422 2950; x_wconf 76' lang='grc'>’</span> 
     </span>
    </p>
   </div>
   <div class='ocr_carea' id='block_1_4' title="bbox 0 0 992 3772">
    <p class='ocr_par' dir='ltr' id='par_1_23' title="bbox 0 0 992 3772">
     <span class='ocr_line' id='line_1_36' title="bbox 0 0 992 3772; baseline 0 0"><span class='ocrx_word' id='word_1_223' title='bbox 0 0 992 3772; x_wconf 95' lang='lat' dir='ltr'> </span> 
     </span>
    </p>
   </div>
  </div>
 </body>
</html>
