1974 3772
98 288 148 323 212
306 272 436 319 PUBLll
455 271 634 323 Vrec-lou

97 368 276 436 Quisprohibet
284 387 364 419 muros
374 370 460 435 jecere,
470 381 493 418 et
501 367 558 418 dare
568 370 660 418 civibus
673 369 776 418 urbem?
820 394 822 399 ·

94 454 118 499 0
127 451 215 518 petris,
225 462 249 499 et
259 451 320 515 rapti
328 449 487 514 nequicquam
496 465 525 496 ex
534 445 601 496 hoste
611 452 710 498 Penates
722 454 727 498 Ξ

95 531 196 579 Nullane
206 527 254 593 jam
263 527 340 592 'llojae
349 529 456 577 dicentur
463 527 697 592 moenielnusqulm

96 614 222 658 Hectoreos
230 625 322 666 amnes,
333 605 455 657 xanthum
464 619 488 655 st
497 608 628 665 emotum,
639 605 743 655 videbol
814 631 817 635 <

98 689 163 752 Quin
174 688 247 753 agite,
257 699 281 734 et
289 703 384 739 mecum
394 688 505 737 minustes
515 686 604 734 exurite
612 702 712 750 puppes.

96 770 155 815 Nem
166 765 225 814 milri
236 767 370 815 Cassandro
379 783 422 830 per
431 782 542 813 somnum
552 765 611 812 vetis
622 767 699 830 imago

25 902 35 911 ᾖ
95 845 212 894 Ardentes
221 846 277 894 date
287 845 336 893 visa
347 842 406 893 feces
418 863 424 891 z
435 846 479 892 Hic
489 845 586 908 quaerite
595 842 707 907 Troiam,

96 926 141 972 Hic
150 925 236 974 domus
244 936 292 978 est,
301 925 392 987 inquit,
403 923 476 972 robis.
487 928 540 971 lam
551 934 644 986 tempus
654 923 752 988 agires3

96 1007 144 1052 Nec
152 1004 222 1052 tentis
232 1020 297 1050 mora
307 1003 426 1068 prodigiis.
435 1007 595 1066 quuettuor
605 1018 649 1049 arae

96 1085 207 1146 Neptuno
219 1084 299 1130 :Deus
309 1082 359 1147 ipse
369 1077 429 1128 faces
440 1083 592 1144 animumque
602 1082 726 1129 ministret.

137 1166 192 1209 Haec
200 1177 343 1218 memorans,
353 1161 430 1225 prima
439 1158 557 1207 insensum
567 1159 591 1206 vi
600 1161 698 1224 corripit
706 1160 798 1225 quens,

96 1241 240 1305 sublatique
250 1240 333 1305 procul
338 1240 423 1288 dextri
431 1239 530 1287 connixa
540 1251 660 1296 coruscat,

97 1322 127 1367 Et
137 1318 198 1382 jacit.
209 1321 310 1367 Arrectae
321 1329 423 1375 mentes,
434 1319 609 1382 stupefactaque
619 1317 689 1365 corde

96 1398 203 1446 lliadum
216 1399 260 1446 Hic
270 1413 317 1444 uua
327 1399 340 1443 ὲ
350 1397 443 1454 multis,
453 1412 511 1460 quae
517 1397 619 1444 maxima
629 1407 699 1454 natu,

96 1481 186 1542 Pyrgo,
196 1487 233 1525 tot
242 1476 328 1524 Priami
337 1487 449 1524 natorum
457 1476 519 1540 regia
529 1475 610 1524 nutrix
620 1494 626 1523 :
657 1494 660 1502 ·

97 1559 150 1604 Non
160 1560 231 1605 Beroe
241 1555 323 1614 robis,
332 1571 381 1602 non
390 1552 441 1602 hsec
451 1552 571 1613 Rboeteia,
580 1563 680 1612 metues,

98 1639 139 1685 Est
149 1635 244 1702 Dorycli
253 1630 340 1697 conjux
351 1652 357 1680 ε
368 1633 444 1682 divini
453 1635 519 1698 signe
528 1633 633 1688 hosis,

98 1715 259 1779 Ardentesque
266 1708 348 1760 'notate
358 1713 451 1772 oculos;
463 1713 504 1776 qui
515 1712 610 1777 spiritus
621 1711 668 1769 illi,

98 1794 148 1856 Qui
157 1795 251 1852 vultus,
261 1792 355 1840 vocisve
364 1808 449 1850 sonus,
459 1791 498 1839 vel
507 1807 598 1855 gressus
608 1791 681 1839 eunti.

100 1877 150 1936 lpse
161 1883 252 1937 egomet
261 1871 354 1919 dudum
363 1875 452 1920 Beroe'n
462 1871 563 1935 digressa
573 1870 659 1934 reliqui

64 1979 66 1983 .
97 1956 205 2015 AEgrnm,
216 1950 376 2015 indignantem
386 1951 428 1998 tali
435 1949 501 2014 quod
509 1950 559 1997 sola
568 1960 657 1997 careret

58 2047 60 2051 ’
98 2033 207 2086 Munere,
218 2045 260 2077 nec
270 2030 365 2078 meritos
375 2027 484 2078 Anchise
493 2026 589 2078 intense
598 2025 707 2076 honores.

99 2113 154 2156 llasc
165 2107 238 2156 effata.

97 2188 130 2235 At
139 2200 237 2245 matres,
247 2187 325 2252 primo
334 2188 459 2253 ancipites,
470 2189 591 2252 oculisque
600 2187 710 2252 malignis

98 2267 235 2330 Ambiguae,
245 2279 348 2331 spectare
358 2279 431 2327 rates,
440 2269 553 2316 miserum
563 2269 623 2315 inter
633 2282 739 2314 amorem

97 2345 218 2392 Praesentis
228 2358 307 2404 terrae,
318 2344 417 2410 satisque
427 2347 534 2395 vocantia
544 2362 630 2410 regue;

97 2425 160 2471 Crlm
168 2428 215 2471 Dea
225 2440 250 2471 se
259 2425 356 2488 paribus
365 2441 407 2488 por
417 2428 504 2474 eoelum
512 2425 607 2474 sustulit
617 2425 658 2472 olis
668 2459 673 2483 ‚

98 2506 265 2567 lugentemque
275 2503 330 2569 lugd
340 2505 414 2552 secuit
423 2505 469 2552 sub
479 2503 584 2553 arabibus
594 2519 682 2552 mcum.

95 2582 159 2626 Tum
169 2582 225 2628 verb
234 2583 339 2630 attonitae
348 2584 471 2641 monstris,
481 2597 584 2647 actaeque
593 2581 673 2631 furore
682 2612 689 2639 ‚

95 2658 263 2719 Conclamant,
272 2662 415 2727 rapiuntque
426 2663 482 2712 focis
491 2661 651 2727 penetralibus
659 2661 738 2726 ignem
748 2680 754 2707 z

96 2738 151 2781 Pars
161 2738 265 2798 spoliant
275 2736 337 2798 deas,
347 2740 455 2789 frondem
465 2759 491 2790 ac
501 2741 602 2807 virgulta
612 2742 720 2804 facesque
782 2738 785 2742 ⁴

95 2810 231 2872 Conjiciunt
243 2835 248 2863 ι
261 2808 319 2868 furit
328 2820 437 2869 immissis
448 2823 568 2872 Vulcanus
576 2818 677 2868 habenis

6 2932 23 2951 .,
93 2890 204 2938 Transtm
213 2910 306 2958 per,et
315 2914 405 2954 remos,
414 2901 520 2966 etpietas
530 2900 606 2949 abiete
615 2913 716 2965 puppes.

93 2979 120 3013 v,
135 2966 199 3019 663.
669 2977 674 2988 ¹
