1974 3772
132 318 180 354 ιω
304 338 308 345 .
336 302 466 351 runnu
486 284 658 353 virumn

127 401 257 469 Impulerit.
266 403 379 455 Tantone
389 400 472 449 animis
482 399 615 449 coelestibus
625 399 678 450 irae!

166 481 229 530 Urba
239 480 336 544 antiqua
345 476 392 529 fuit
401 480 483 546 (Tyrii
493 481 588 528 tenuere
597 480 690 544 coloni>

125 556 256 627 Carthago,
266 559 357 608 ltaliam
366 570 460 624 eontra,
470 558 627 624 Tiberinaque
636 560 707 626 longe

125 639 204 698 Ostia,
215 638 283 688 dives
290 654 377 704 opum,
387 637 518 702 studiisque
528 638 653 703 asperrima
663 637 720 687 laelli
731 656 737 686 ε

126 721 207 781 Quam
217 723 229 766 J
231 735 280 766 uno
290 716 364 767 lemur
374 718 439 766 terris
447 717 520 782 magis
530 717 640 765 omnibus
649 734 722 765 unam

125 793 263 845 Posthabitl
272 796 371 844 coluisse
381 798 457 844 Samo.
469 796 512 843 Hic
522 795 585 843 illius
595 812 673 853 arma,

61 936 64 941 ξ
125 866 170 924 llic
180 891 262 924 currus
272 873 318 924 suit
329 893 335 921 ε
346 873 390 923 hoc
400 891 498 938 regnum
509 879 557 922 Dea
567 874 676 937 gentibus
685 890 748 933 ease,

125 955 149 1002 Si
159 958 207 1018 qul
216 955 264 1003 fata
274 955 365 1013 sinant,
375 952 423 1017 jana
437 955 488 1000 tiam
497 953 619 1016 tenditque
630 952 747 1019 leverinae.

164 1026 303 1097 Prugeniem
312 1033 352 1091 sed
362 1033 425 1081 enim
435 1029 537 1094 Trojano
547 1034 561 1078 l
570 1030 683 1096 sanguiue
693 1031 748 1081 duci

125 1111 251 1169 Audierat,
260 1112 345 1176 Tyrias
355 1111 473 1175 olimque
483 1121 582 1158 verteret
592 1127 668 1168 arces,

126 1189 187 1237 nine
197 1189 315 1255 populum
324 1190 370 1237 late
380 1205 471 1257 regem,
480 1189 590 1253 belloque
600 1190 743 1255 superbum,

124 1271 262 1321 Ventumm'
271 1269 360 1317 excidio
371 1264 452 1334 Lib'ya
463 1285 470 1316 τ
480 1268 513 1316 sie
523 1267 617 1315 volvere
627 1270 717 1316 Parcas.

126 1346 153 1395 ld
163 1359 282 1406 metuens,
293 1348 423 1410 veterisque
433 1362 523 1394 memor
532 1346 639 1394 saturnia
648 1347 718 1407 belli,

125 1424 203 1473 Prima
213 1425 280 1489 quod
290 1423 320 1473 ad
329 1423 425 1488 Trojam
434 1440 478 1489 pro
488 1426 546 1473 caris
556 1436 656 1490 gesserat
666 1424 755 1490 Argiae

125 1504 231 1552 Necdum
241 1503 312 1552 etiam
321 1520 396 1552 causae
406 1504 495 1551 iramm
504 1505 607 1568 saevique
617 1503 709 1553 dolores
808 1540 813 1561 2

125 1583 265 1632 Exciderant
274 1583 353 1631 animo
364 1578 458 1632 :manet
469 1584 515 1631 alta
524 1593 603 1631 mente
613 1594 735 1646 repostum

125 1665 139 1710 J
140 1661 245 1711 udicium
254 1663 355 1719 Paridis,
365 1675 495 1728 spretaeque
505 1659 591 1724 injuria
599 1661 692 1719 sormae,

126 1745 156 1789 Et
165 1757 240 1807 genus
250 1742 365 1801 invisum,
376 1753 399 1788 et
409 1742 470 1804 rapti
480 1739 625 1806 Ganymedis
634 1737 736 1787 honores
747 1757 752 1787 :

125 1820 168 1868 His
178 1833 366 1891 accensa‘super,
377 1818 472 1882 jactatos
482 1834 576 1883 aequore
586 1829 636 1867 toto

124 1902 210 1956 Troas,
220 1899 339 1962 relliquias
349 1900 457 1945 Danaum
467 1910 538 1961 atque
548 1897 643 1946 immitia
653 1893 767 1956 Achillei,

125 1977 226 2025 Arcebat
235 1976 304 2041 longe
315 1976 395 2036 Iatio;
405 1976 540 2045 multer
549 1993 592 2042 per
602 1993 676 2025 annos

67 2090 71 2099 .
125 2057 241 2104 Errabant
251 2055 295 2103 acti
306 2052 359 2103 fatis
368 2055 441 2103 maria
450 2056 529 2103 omnia
538 2057 633 2106 circum.

78 2143 83 2153 ¹
124 2138 206 2184 Tantae
215 2135 284 2183 molis
294 2146 343 2184 erat
353 2138 483 2182 Romanam
493 2135 592 2183 condere
602 2138 713 2200 gentem!
733 2144 738 2167 ⁸

164 2214 211 2265 vix
221 2217 234 2261 ὸ
244 2226 371 2280 conspeetu
380 2215 463 2263 Siculae
473 2213 562 2262 telluris
572 2215 598 2262 in
607 2214 682 2262 altum

107 2314 110 2319 ·
124 2285 184 2346 Vela
194 2293 282 2342 dabant
290 2293 350 2351 laeti,
361 2306 385 2342 et
394 2309 489 2358 spumas
499 2293 553 2341 salia
562 2307 606 2342 aere
616 2293 730 2351 ruebant,

124 2373 186 2421 Crlm
196 2376 269 2430 luno,
280 2385 394 2421 aeternum
404 2388 499 2422 servans
509 2372 554 2421 sub
561 2384 654 2437 pectore
665 2371 764 2429 vulnus,

124 2455 180 2501 llaec
189 2467 270 2500 secum
280 2469 285 2498 :
297 2456 365 2500 Mene
375 2454 468 2518 incepto
478 2452 588 2500 desistere
595 2449 699 2504 victam?

124 2534 172 2579 Nee
181 2542 249 2596 posse
260 2531 326 2579 ltalial
334 2535 480 2580 Teucrorum
489 2543 592 2580 avertere
600 2527 696 2596 regeml

125 2610 222 2675 Quippe
232 2622 298 2659 vetor
307 2611 360 2659 fatis
368 2612 374 2658 !
383 2611 488 2660 Pallasne
498 2626 594 2659 exurere
602 2611 700 2658 classem

124 2687 252 2754 Argivum,
262 2702 333 2755 atque
342 2690 406 2756 ipsos
416 2691 495 2754 potuit
504 2691 652 2755 submergere
659 2699 749 2754 pontu,

50 2796 53 2801 ·
124 2767 201 2816 llniua
210 2769 243 2816 ob
251 2784 337 2818 noxam
347 2782 370 2818 et
380 2770 452 2819 furias
462 2768 539 2832 Ajucia
549 2766 625 2817 Oilei?

124 2848 264 2911 1psa‚Jovie
274 2849 384 2914 rapidum
393 2847 493 2911 jaculata
503 2851 515 2898 ὲ
525 2849 630 2897 nubibus
643 2847 734 2912 ignem,

124 2922 266 2994 Disiecitque
276 2940 348 2987 rates,
359 2926 488 2997 euertiaque
498 2943 593 2994 equora
601 2925 692 2986 ventis3
740 2966 744 2971 .

125 3023 150 3058 v.
165 3008 212 3069 43„

19 3394 166 3536 Ε
