1974 3772
286 358 412 408 nnsis.
434 355 501 410 irs.
522 363 570 412 vr.
603 341 604 348 ’
660 350 663 357 ’
746 341 827 415 ass‘

57 459 167 514 Crudelis
176 448 226 508 nati
234 471 407 507 monstrantem
417 461 514 507 vulnera
525 459 614 520 cernit,
683 521 687 528 .

58 540 234 603 Evadnenque,
245 549 268 585 et
277 533 468 602 Pasiphaen.‘nis
479 541 604 587 Laodamia

58 625 80 669 lt
89 634 181 677 comee;
193 629 227 675 et,
238 615 331 679 juvenis
340 617 474 680 quondam,
484 634 547 666 nunc
558 617 644 665 semina
653 622 765 680 Caeneus,
816 607 823 621 ⁸

60 700 151 747 Rursus
161 708 185 745 et
194 696 220 744 in
229 708 332 744 veterem
342 694 389 744 feto
400 698 505 744 revoluta
516 694 622 761 figuram.

98 782 163 824 Inter
171 791 230 840 quas
240 773 360 822 Phoenissa
370 791 449 822 recens
459 777 473 821 l
483 775 581 824 vulnere
592 775 653 828 Dido¹

58 856 159 904 Errabat
175 854 235 902 silve
245 854 270 901 in
280 853 374 917 magniq
386 869 457 918 quam
466 858 551 903 Troius
561 852 630 902 heros

57 937 92 983 Ut
101 934 206 998 primbm
216 930 281 995 juxte
291 933 366 991 stetit,
376 932 518 998 agnovitque
527 949 569 996 per
578 931 689 982 umbram

58 1013 202 1068 Obscuram,
213 1011 307 1075 qualem
316 1012 392 1074 primo
403 1012 445 1074 qui
455 1027 550 1076 surgere
560 1027 640 1059 mense

58 1093 109 1142 Aut
117 1091 184 1138 ridet
192 1102 233 1138 aut
243 1090 327 1137 vidisse
337 1100 406 1153 putat
415 1106 458 1153 per
467 1089 549 1137 nubila
558 1090 655 1157 lunam?

58 1169 158 1217 Demisit
167 1169 294 1232 lacrymas,
305 1168 414 1232 dulcique
426 1167 508 1216 effetus
518 1185 596 1216 amore
606 1180 658 1216 esta:

59 1247 143 1296 Infelix
153 1247 227 1304 Dido,
238 1264 307 1294 verns
316 1245 376 1295 mihi
387 1248 487 1295 nuncius
497 1248 560 1310 ergo'

58 1330 161 1378 Venerat
171 1327 320 1383 exstinctam,
332 1324 439 1390 ferroque
449 1332 550 1373 extrema
561 1325 678 1376 secutam!

59 1407 158 1454 Funeris
168 1403 216 1453 heu
226 1405 269 1453 tibi
279 1421 347 1453 causa
357 1405 405 1452 sui!
414 1407 459 1452 Per
468 1402 542 1453 sidera
553 1402 619 1467 juro,

58 1488 102 1532 Per
112 1487 227 1549 Superos,
236 1497 260 1532 et
269 1485 289 1532 si
298 1501 346 1548 qua
356 1480 413 1532 fides
421 1484 503 1532 tellure
512 1483 557 1534 sub
567 1483 614 1531 imlr
622 1495 670 1541 est,

59 1564 164 1622 Invitus,
173 1563 271 1628 Regina,
282 1574 324 1612 tuo
334 1563 363 1610 de
373 1563 451 1610 littore
461 1563 525 1610 cessi.

58 1642 104 1691 Sed
112 1658 152 1691 me
160 1639 224 1705 jussa
234 1644 323 1701 Deum,
333 1657 387 1706 quae
398 1656 461 1690 nune
470 1639 512 1688 bas
527 1641 560 1687 ire
570 1627 620 1704 per¹
628 1640 741 1712 umbrae,

58 1723 102 1769 Per
110 1722 162 1770 loca
172 1732 237 1791 senta
246 1721 292 1769 situ
302 1732 401 1786 cogunt,
412 1731 552 1783 noctemque
561 1718 703 1784 profundam
713 1754 721 1778 ,

57 1800 166 1865 imperiis
176 1802 241 1864 egere
252 1801 314 1859 suis3
326 1816 368 1848 nec
378 1799 470 1847 credere
480 1798 545 1862 quivi

58 1883 129 1927 Hunc
138 1890 231 1927 tantum
240 1878 283 1926 tibi
293 1895 331 1926 me
341 1879 443 1927 discessu
453 1877 512 1925 ferre
523 1877 634 1925 dolorem.

58 1959 117 2006 Siste
126 1958 236 2023 gradum,
246 1970 315 2021 teque
326 1970 421 2022 aspectu
431 1974 460 2004 ne
470 1955 581 2005 subtrahe
591 1967 679 2003 nostro.

60 2039 139 2100 Quem
147 2033 227 2101 fugis?
237 2048 368 2085 extremum
378 2034 439 2094 fato,
450 2036 514 2101 quod
524 2048 547 2084 te
557 2035 677 2099 alloquor,
686 2031 732 2083 hoe
742 2045 783 2085 est·

95 2115 194 2164 Talibus
204 2119 288 2163 AEneas
299 2117 419 2166 ardentem
429 2128 451 2164 et
461 2127 527 2163 torsa
538 2127 644 2162 tuentem

59 2194 159 2242 lenibat
169 2193 236 2242 dictis
246 2195 364 2252 animum,
375 2195 537 2261 lacrymasque
546 2193 629 2242 ciebat.

31 2286 37 2299 ⁸
59 2273 101 2322 Illa
110 2273 162 2321 solo
172 2269 230 2321 fixos
240 2274 321 2321 oculos
331 2289 411 2321 aversa
421 2274 513 2322 tenebat
522 2290 528 2333 ;

60 2354 105 2400 llee
114 2352 189 2415 magis
198 2351 292 2416 incepto
301 2353 395 2399 vultum
405 2367 511 2398 sermone
521 2361 642 2405 movetur,

60 2433 139 2494 Quem
149 2429 169 2476 si
179 2429 237 2478 dura
248 2430 305 2478 silex
314 2441 354 2476 aut
365 2440 410 2477 stet
418 2429 532 2493 Marpesia
544 2439 628 2476 cautes.

58 2509 165 2557 Tandem
173 2510 292 2573 proripuit
301 2525 363 2566 sese,
374 2520 443 2572 etque
453 2507 547 2555 inimice
555 2505 640 2568 refugit

58 2591 86 2634 In
96 2603 180 2634 nnus
190 2587 358 2645 umbriferum,
368 2584 455 2649 conjnx
465 2587 507 2634 ubi
517 2586 629 2651 pristinus
640 2584 674 2632 illi

58 2665 195 2730 Respondet
204 2667 278 2724 curis,
289 2679 412 2730 aequatque
423 2664 525 2713 sicherus
535 2681 647 2713 amorem.

58 2747 106 2792 ltec
115 2743 196 2792 minus
205 2748 290 2793 AEneas
299 2761 354 2792 casu
364 2760 488 2810 percussus
498 2745 593 2807 iniquo,

58 2823 210 2886 Pmsequitur
220 2823 352 2889 lacrymans
361 2826 442 2889 longe,
453 2836 476 2871 et
485 2824 608 2870 miseratur
618 2830 719 2868 euntem

58 2901 117 2955 Inde
127 2901 210 2950 datum
219 2903 317 2951 molitur
326 2903 383 2964 iter3
394 2901 488 2967 iamque
498 2919 554 2950 erve
562 2899 672 2950 tenebant

58 2980 162 3038 Ultima,
172 2996 226 3045 que
235 2980 298 3034 bello
308 2981 364 3031 clari
373 2993 459 3031 secreta
467 2979 623 3048 frequentant.

58 3077 83 3114 r.
102 3060 168 3128 478.
622 3072 672 3106 eo.
