1974 3772
347 296 474 345 1entus.
497 298 563 342 me.
584 298 649 344 xit
820 296 870 359 401

130 397 223 444 lterum
232 403 305 445 un'em
314 393 413 442 celerem
423 393 525 442 demittit
534 393 565 442 ab
575 389 661 443 uthere
671 410 764 443 summo
821 430 825 434 -

130 473 253 538 luppiter,
263 473 335 536 inque
343 489 413 520 omen
422 477 436 520 J
437 485 530 522 utumae
540 489 661 522 occurrere
671 472 744 537 jussit.

131 552 173 600 Ille
184 552 261 609 volat,
272 552 387 616 celerique
396 552 426 600 ad
436 563 522 600 terrum
530 552 624 601 turbine
635 551 709 601 fertur
719 571 725 600 :

77 657 80 663 ·
130 633 184 680 n‘on
194 633 259 679 secus
269 647 295 679 uc
304 647 377 679 nervo
387 647 429 695 per
440 631 529 679 nubem
538 631 639 696 impulsa
650 632 744 697 sagitta,

129 711 252 759 Armatam
262 710 318 758 sevi
326 708 426 759 Peithus
436 727 509 774 quem
519 709 572 758 selle
583 711 680 770 veneni,

129 787 243 847 eunus,
254 788 303 836 sive
312 790 410 854 Cydon,
421 789 495 837 telum
508 789 692 848 immedicabile,
702 790 784 851 torsit,

80 879 84 886 ’
129 868 247 926 Stridens,
258 881 281 916 et
291 870 375 916 celeres
385 869 502 934 incognita
512 870 613 919 transilit
622 870 725 919 umbras.

128 947 192 996 Telis
202 952 229 997 se'
235 959 284 995 sata
294 951 367 996 Nocte
376 948 443 1006 tulit,
454 959 572 1013 terrmque
582 949 673 1013 petivit

128 1029 258 1090 Postquttm
268 1027 327 1076 ecies
337 1027 401 1074 videt
410 1027 489 1074 Iliacas
500 1040 572 1093 atquo
582 1029 675 1093 agmina
684 1028 773 1088 Turni,

127 1104 199 1154 'Alitis
209 1107 233 1153 in
244 1121 323 1169 pervae
333 1105 436 1153 subitam
445 1107 540 1154 collecta
551 1104 663 1170 figuram,

130 1187 191 1247 Quae
200 1185 322 1248 quondum
330 1186 356 1232 in
366 1184 442 1233 bustis
452 1196 493 1232 eut
498 1185 642 1233 culminibus
652 1185 747 1234 desertis

128 1265 201 1311 Nocte
211 1264 305 1322 sedens,
314 1263 392 1311 s'eritm
402 1263 465 1312 canit
475 1264 609 1328 immune
620 1281 662 1329 per
670 1264 766 1314 umbros
777 1285 783 1313 z

128 1346 196 1390 Hanc
205 1359 271 1391 verse
281 1343 306 1390 in
317 1339 411 1401 faciem,
421 1344 496 1390 Turni
506 1361 529 1392 se
539 1345 610 1408 pestis
620 1344 653 1392 ob
663 1361 703 1392 ore

127 1423 231 1484 Fertque
241 1421 357 1486 relettque
367 1407 464 1480 sudans,
475 1425 633 1488 clypeumque
644 1424 763 1473 eveiberat
773 1425 822 1474 elie.

127 1500 165 1548 Illi
175 1500 281 1549 membra
291 1503 367 1550 nevus
375 1502 445 1550 solvit
456 1501 579 1550 formidine
590 1514 683 1567 torpor5

127 1579 276 1644 Arrectoeque
286 1577 383 1629 honore
393 1597 478 1639 eomae,
489 1594 513 1629 et
522 1599 568 1630 vox
578 1577 685 1630 saucibus
694 1574 767 1631 hesit.

126 1657 173 1719 At,
183 1659 267 1722 procul
277 1670 304 1706 ut
315 1659 376 1708 Dirae
386 1660 509 1708 stridorem
519 1663 615 1725 agnovit
625 1673 648 1710 et
658 1661 718 1720 alas,

127 1736 212 1785 Infelix
221 1737 296 1786 ctines
306 1739 390 1787 scindit
400 1742 501 1788 Juturna
511 1741 612 1798 solutos,

126 1816 253 1882 Unguibus
263 1834 304 1865 ora
314 1834 379 1865 soror
391 1815 495 1877 foedans,
506 1831 528 1867 et
538 1830 631 1884 pectore
642 1823 737 1886 pugnis.

127 1895 193 1958 Quid
206 1912 270 1943 nunc
281 1907 303 1944 te
313 1907 367 1955 tua,
376 1900 466 1961 Turne,
479 1909 556 1962 potest
565 1916 673 1964 germana
684 1898 782 1962 juvare?

125 1972 175 2024 Aut
185 1973 243 2038 quid
254 1972 302 2037 jem
311 1975 400 2023 miserae
410 1988 505 2041 superet
514 1977 649 2043 mihil't‘qutt
659 1979 702 2026 tibi
712 1979 788 2027 lucem

124 2052 183 2100 Ante
192 2051 286 2101 morer?
295 2055 360 2102 telin'
370 2072 468 2120 possum
477 2073 515 2105 me
525 2064 645 2122 opponere
654 2056 779 2107 monstro?

124 2135 137 2180 J
140 2140 179 2181 ent
188 2128 236 2194 jem
244 2133 328 2197 linquo
339 2135 404 2183 acies.
417 2140 450 2184 Ne
460 2154 498 2184 me
508 2150 591 2186 terrete
601 2138 736 2195 timentem,

47 2215 50 2219 ’
122 2210 237 2262 Obscenae
248 2213 368 2272 volucres3
383 2215 473 2262 alarum
483 2215 579 2262 verbera
590 2231 675 2274 nosco,

124 2289 275 2353 Letulemque
286 2307 385 2352 sonum3
399 2308 441 2340 nec
451 2290 536 2342 fallunt
547 2292 608 2356 jussa
616 2294 717 2358 superba

123 2369 268 2433 Magnanimi
278 2370 350 2417 Jovis.
362 2375 416 2418 Haec
426 2387 470 2435 pro
481 2372 612 2438 virginitate
622 2370 732 2439 reponit?

125 2449 181 2511 Quo
189 2448 263 2497 vitem
272 2448 336 2497 dedit
346 2450 474 2506 aeternam?
484 2469 526 2500 cur
536 2454 617 2500 mortis
628 2453 737 2516 adempta
748 2467 782 2501 est

121 2526 251 2575 Conditio?
262 2531 356 2576 Possem
367 2541 444 2578 tentos
455 2527 522 2578 linire
532 2531 623 2580 dolores

122 2608 191 2653 Nunc
202 2609 275 2664 certe,
285 2619 308 2655 et
317 2609 401 2656 misero
413 2607 477 2658 fratri
487 2627 565 2658 comes
575 2612 608 2659 ire
618 2627 660 2675 per
671 2611 773 2660 umbras.

123 2686 263 2733 Immortalis
274 2685 330 2751 ego?
342 2701 383 2736 aut
392 2690 524 2753 quidquam
533 2689 592 2738 mihi
603 2689 671 2738 dulce
679 2707 787 2738 meorum

120 2767 155 2811 Te
166 2766 227 2821 sine,
239 2763 321 2825 frater,
332 2765 392 2814 erit?
403 2772 425 2815 Ο
433 2784 487 2832 quee
497 2771 552 2817 satis
562 2771 607 2816 ulta
617 2767 721 2817 dehiscet

120 2847 192 2892 'serre
203 2841 274 2901 mihi,
285 2862 412 2911 manesque
423 2852 498 2895 Deam
507 2848 614 2897 demittet
624 2849 654 2896 ed
664 2848 736 2896 imos!

160 2925 264 2971 'l'entitm
273 2924 353 2985 effata,
363 2939 435 2992 ceput
444 2926 526 2993 glauco
536 2928 639 2977 contexit
649 2928 734 2975 amictu

120 3023 144 3055 τ.
166 3003 229 3054 885.
512 3026 534 3042 ··
