1974 3772
304 223 430 270 muers.
451 226 569 276 mnsv.
753 241 805 294 209
861 204 892 227 ‘⁸
953 264 962 287 ,

63 323 203 373 Muneribus
213 322 318 370 cumulat
327 323 429 386 mugnis,
441 340 467 370 ae
477 324 532 370 talia
543 320 605 372 futur
616 341 621 371 :

47 406 149 458 ·Sume,
159 414 238 465 poter3
250 418 305 449 nam
315 414 338 449 te
348 402 424 450 voluit
434 405 484 449 Rex
492 418 592 466 magnus
602 403 702 469 Olympi

62 482 161 531 Talibus
169 480 277 544 auspiciis
287 493 402 530 exsortem
411 481 494 529 ducere
504 479 626 531 honorem.
779 468 782 479 ’

64 561 141 626 Ipsius
151 557 260 609 Anchises
270 561 370 624 longaevi
380 559 425 608 hoc
434 577 522 611 nunus
532 559 643 619 habebis,

63 643 158 690 Cratera
168 639 308 702 impressum
318 640 402 704 signis,
412 657 484 703 quem
492 639 606 690 Thracius
615 641 674 691 olim

62 716 172 767 Anchises
182 719 281 781 genitori
290 720 317 766 in
325 735 411 784 magno
420 736 518 768 munere
528 721 620 769 Cisseus

61 801 133 846 Ferre
143 798 180 846 sui
190 797 285 845 dederat
294 811 477 846 monumentum
486 810 509 846 et
517 800 602 865 pignus
612 802 704 850 amoris.

62 878 100 929 Sic
109 879 184 934 fatus,
194 877 267 941 cingit
275 877 386 925 viridanti
397 878 590 942 temporalium,

62 961 94 1005 Et
103 957 209 1021 primum
218 968 272 1004 ante
281 973 363 1004 omnes
373 956 486 1012 victorem
495 958 598 1022 appellet
607 957 714 1009 Acesten.

63 1039 110 1084 Nec
119 1035 198 1083 boum
208 1020 328 1101 Eurytion*
335 1036 431 1100 praeisto
440 1036 525 1084 invidit
534 1035 633 1095 honori,

63 1116 180 1179 Quamvis
187 1114 330 1162 solus-avem
339 1115 398 1162 ooelo
408 1113 492 1178 dejecit
502 1116 533 1162 ab
542 1117 597 1162 alto.

63 1195 187 1242 Proximus
196 1193 326 1258 ingreditur
336 1193 416 1251 donis,
426 1195 468 1258 qui
478 1194 572 1243 vinculo
583 1195 648 1259 rupit
658 1213 664 1241 z

62 1263 201 1331 Extremus,
211 1272 301 1321 volucri
311 1274 352 1337 qui
364 1270 413 1321 fixit
423 1273 538 1322 arundine
547 1274 644 1322 melum.

101 1352 134 1400 Ar
143 1364 210 1416 poter
217 1356 315 1409 AEness,
325 1352 433 1400 nondum
443 1353 568 1402 certamine
577 1353 662 1414 misso,

60 1430 190 1480 Custodem
200 1431 230 1480 ad
240 1447 288 1479 sese
298 1432 454 1495 comitemque
464 1432 569 1496 impubis
579 1433 625 1480 liili

60 1509 181 1576 Epytiden
192 1521 272 1566 vocet,
282 1521 305 1558 et
315 1506 387 1558 fidam
396 1511 428 1557 sic
438 1508 500 1559 fatur
510 1511 540 1558 sd
550 1527 630 1559 aurem
640 1529 646 1558 :

61 1589 127 1640 Vade
138 1605 180 1654 nge
186 1625 193 1647 ‚
203 1601 227 1637 et
236 1589 350 1648 Ascanio,
359 1590 379 1636 si
389 1587 437 1653 jum
447 1590 536 1653 puerile
546 1602 656 1654 peretum

61 1669 154 1732 Agmen
163 1666 235 1716 habet
245 1684 324 1716 secum
331 1700 337 1727 ,
345 1684 474 1732 cursusque
484 1669 594 1717 instrunt
604 1684 733 1732 equorum,
761 1679 765 1685 “
800 1695 813 1717 s

61 1751 138 1796 Ducat
148 1764 193 1796 avo
203 1760 304 1805 turmas,
314 1759 339 1796 et
347 1763 396 1796 sese
405 1747 511 1796 ostendat
520 1748 546 1794 in
555 1749 638 1806 armis,

61 1828 116 1884 Dic,
127 1827 166 1874 uit.
175 1829 230 1890 Ipse
240 1843 334 1874 omnem
344 1828 414 1891 longo
425 1826 534 1875 decedere
544 1827 604 1875 circo

22 1924 25 1930 ·
60 1906 171 1954 Infusum
179 1907 309 1970 poputum,
319 1917 342 1955 et
352 1922 446 1971 campos
456 1905 523 1969 jubet
533 1921 581 1954 esse
589 1916 701 1970 patentes.

60 1985 177 2054 Incedunt
187 1985 268 2055 pueri,
277 1985 411 2049 pariterque
421 1996 475 2034 ante
485 2001 526 2033 ora
535 1996 662 2050 parentum

59 2065 167 2112 Frenotis
176 2065 257 2113 lucent
266 2064 291 2112 in
301 2066 368 2128 equis
379 2083 384 2111 :
395 2081 455 2128 quos
465 2065 542 2112 omnis
551 2077 634 2112 euntes

25 2164 30 2173 ¹
59 2144 185 2191 Trinacriae
196 2133 366 2190 nrirata'sremit
374 2142 498 2210 Trojeque
505 2142 623 2206 juventus.

61 2221 179 2270 Omnibus
189 2208 215 2269 in
224 2237 316 2271 morem
325 2224 392 2271 tonsd
400 2238 467 2270 coms
476 2237 555 2285 pressa
564 2221 651 2269 comni
661 2238 668 2268 :

60 2302 152 2350 Cornea
158 2301 216 2352 bino
226 2300 304 2350 serunt
313 2299 408 2365 prsefixs
418 2299 510 2349 hostilio
520 2299 594 2359 ferro,

61 2384 116 2428 Pars
126 2381 189 2429 leves
198 2378 299 2428 humero
309 2378 444 2444 pharetras,
454 2381 474 2428 it
481 2391 575 2444 pectore
585 2393 680 2434 mmmo

60 2459 156 2507 Flexilis
165 2459 254 2507 obtorti
263 2475 305 2524 per
315 2459 404 2515 collum
413 2459 513 2508 eirctdus
523 2458 581 2511 euri.
676 2516 682 2529 ,

60 2542 116 2586 Tres
127 2539 236 2602 equitum
245 2555 344 2586 numero
354 2551 451 2597 turmae,
461 2541 568 2604 ternique
579 2547 695 2602 regentur

62 2621 189 2678 Ductores;
199 2617 267 2681 pueri
276 2617 314 2665 bis
324 2619 386 2675 seni,
396 2635 514 2683 quemque
525 2619 610 2673 secuti,
668 2676 673 2682 .

62 2696 161 2762 Agmine
171 2697 259 2761 partito
269 2697 372 2762 fulgent,
382 2698 525 2762 paribusque
536 2693 658 2760 magistris.

62 2778 114 2823 Une
124 2777 184 2824 scies
194 2773 324 2838 juvenum,
333 2776 399 2825 duoit
407 2793 481 2841 quom
489 2792 577 2840 parvus
587 2783 699 2823 ovantem
763 2809 766 2823 ,-

63 2857 153 2903 Nomen
163 2856 202 2904 uvi
209 2853 312 2906 referens
322 2842 441 2916 Priamus,
451 2867 493 2905 tue
501 2855 576 2916 clere,
586 2853 674 2911 Polite,

65 2953 86 2986 r.
104 2932 168 2997 564.
268 2979 276 2995 ,
632 2931 674 2983 18.
