1974 3772
140 237 190 286 ιώ·
344 236 474 282 runnu
494 238 668 286 vrucrnrr
784 238 812 299 ‘r

137 333 225 384 Pabula
235 335 366 399 giutlssent
373 333 462 400 Troice,
473 333 642 397 Xanthumque
650 332 774 384 bibissent

175 417 243 461 Parte
253 413 298 460 alit
307 412 398 478 fugiens
409 411 498 460 amissis
505 412 599 460 Troilus
609 411 693 468 armis,

136 491 220 540 Infelix
229 508 301 557 puer,
312 505 381 555 etque
391 491 466 555 impar
474 506 610 556 congressum
619 489 719 550 Achilli,

136 574 222 621 Fertur
231 571 310 635 equis,
319 585 436 634 curruque
446 567 520 617 haeret
528 569 653 635 resupinus
661 569 739 628 innui,

136 655 198 700 Lora
206 663 287 699 tenens
297 661 376 700 temen
387 667 393 696 :
403 647 460 697 huic
469 649 594 712 cervixque
603 665 723 713 comaeque
736 649 864 700 trahuntur

135 733 179 779 Per
190 742 288 788 mnam,
299 741 323 776 et
332 730 399 777 versi
408 727 487 793 pulvis
497 727 632 775 inscribitur
641 720 718 777 hastis.

175 809 265 858 intersis
274 807 304 857 ad
314 809 431 873 templum
440 823 488 855 non
498 822 573 870 sequte
580 805 681 854 Palladis
691 806 759 857 ibant

135 887 247 938 ouibus
258 887 341 935 lliades
350 885 436 952 passis.
447 886 592 950 peplumque
602 883 709 944 serebant

136 966 278 1032 Suppliciter
288 967 375 1023 tristes,
385 977 409 1013 et
418 978 491 1013 tunsae
502 975 596 1028 pectem
605 963 697 1027 palmis.

136 1047 197 1094 Diva
205 1047 255 1094 solo
267 1043 325 1094 fixos
334 1045 414 1094 oculos
424 1059 503 1091 aversa
517 1042 617 1091 tenebat

134 1128 181 1174 Ter
190 1125 280 1175 circum
290 1125 371 1173 Iliacos
381 1133 514 1188 raptaverat
524 1125 623 1170 Hectora
632 1138 728 1182 muros,

135 1203 325 1267 Exanimumque
335 1219 392 1251 aure
401 1218 487 1266 corpus
500 1201 616 1249 vendebat
627 1200 736 1251 Achilles.

134 1282 198 1329 Tum
208 1283 264 1329 verb
274 1282 392 1346 ingentem
401 1281 516 1346 gemitum
525 1281 565 1329 dat
572 1292 666 1347 pectore
676 1282 707 1329 ab
715 1282 776 1340 imo,

134 1363 169 1410 Ut
177 1361 265 1424 spolie,
275 1372 302 1408 ut
310 1377 405 1418 currus,
417 1372 489 1424 utque
500 1359 579 1424 ipsum
588 1376 673 1424 corpus
682 1359 766 1422 amici,

50 1463 56 1468 ·
131 1439 326 1503 Tendentemque
335 1455 420 1487 manus
430 1439 550 1486 Priamum
559 1439 679 1502 conspexit
689 1439 795 1488 inermes.

134 1520 163 1569 se
173 1533 269 1584 quoque
279 1517 425 1584 principibus
435 1517 577 1582 permixtum
588 1519 684 1583 agnovit
693 1515 804 1578 Achivis,

135 1601 242 1662 ansque
252 1597 324 1656 acies,
334 1610 357 1646 et
367 1597 427 1663 nigri
436 1597 570 1646 Memnonis
579 1613 650 1647 erma.

135 1677 205 1725 Ducit
215 1676 389 1726 Amazonidum
398 1677 484 1725 lunatis
495 1677 586 1742 agmina
596 1676 665 1740 peltis

133 1753 280 1805 Penthesilea
290 1755 380 1816 hirene,
390 1756 519 1821 mediisque
528 1757 552 1803 in
561 1755 667 1805 millibus
677 1756 755 1818 ardu,

132 1833 213 1886 'Aurea
223 1836 362 1885 subnectens
373 1848 466 1885 exsertae
476 1836 568 1901 cingula
577 1850 686 1885 mammae
754 1816 771 1887 ti

135 1914 256 1972 bellatrix,
267 1915 384 1979 audetque
394 1916 451 1963 viris
461 1931 598 1964 concurrere
607 1916 680 1982 virgo.
742 1908 778 1963 J·
874 1943 877 1947 <

77 1986 80 1991 ’
174 1997 228 2041 Haec
238 1993 296 2041 dum
308 1993 424 2042 Dardanio
434 1999 514 2044 AEneae
521 1994 628 2042 miranda
638 1980 761 2055 videntur,

125 2067 198 2120 'Dum
207 2083 298 2137 stupet,
309 2074 442 2138 obtutuque
451 2072 525 2122 haeret
534 2071 624 2122 defixus
634 2073 660 2130 in
669 2091 732 2134 uno,

133 2151 222 2216 Regina
232 2151 263 2200 ad
273 2153 398 2216 templum,
408 2149 483 2201 sormi
492 2151 661 2217 pulcherrima,
672 2153 734 2201 Dido

133 2230 241 2290 Incessit,
252 2234 335 2296 magni
346 2228 461 2294 juvenum
468 2232 568 2296 atipnnte
578 2230 678 2280 catervi.

134 2310 217 2373 Qualis
228 2309 357 2363 inEurotae
366 2311 424 2375 ripis
436 2322 477 2359 aut
486 2327 528 2375 per
537 2309 592 2376 juga
602 2307 692 2376 Cynthi

133 2391 230 2437 Exercet
239 2388 314 2436 Diana
322 2387 418 2447 choros,
428 2406 502 2454 quem
509 2385 575 2438 mille
584 2401 668 2439 secutae

132 2467 192 2515 Hinc
204 2479 274 2531 atque
283 2466 339 2517 hinc
348 2470 507 2534 glomerentur
517 2469 632 2530 Oreades5
642 2469 682 2516 illa
691 2466 827 2534 pharetram

132 2548 188 2595 Fert
196 2544 309 2605 humero,
320 2548 472 2614 gradiensque
484 2553 542 2597 Deas
552 2548 709 2613 supereminet
719 2562 802 2598 omnes
812 2565 818 2594 t

132 2629 227 2675 Latonae
236 2625 333 2675 tacitum
342 2639 476 2692 pertentant
485 2628 568 2694 gaudia
578 2639 666 2692 pectus.
737 2652 742 2662 ¹

131 2704 194 2752 Talis
204 2717 253 2753 erat
264 2705 324 2754 Dido
329 2742 338 2770 ,
348 2707 419 2755 talem
428 2724 452 2755 se
462 2708 514 2756 laeta
525 2707 613 2756 serebat

131 2785 175 2830 Per
184 2783 286 2842 medios,
297 2785 385 2834 instans
395 2787 461 2850 operi
471 2788 593 2853 regnisque
602 2784 695 2837 suturis.

130 2863 194 2909 Tum
204 2862 294 2916 foribus
304 2866 382 2927 Divae,
390 2864 466 2916 medii
476 2867 592 2918 testudine
603 2864 698 2936 templi,
797 2898 803 2909 κ

32 2970 36 2977 ·
126 2958 157 2996 ιν.
174 2939 235 2994 505.

66 3388 69 3393 .
101 3394 123 3417 .s'
158 3390 164 3411 ι

19 3370 250 3552 “fit

240 3472 316 3513 ,μ’-1
363 3472 367 3481 ,

295 3512 360 3561 ..Ι-’,Ι
411 3540 417 3555 x

399 3618 405 3633 Ι
