1974 3772
250 292 459 343 nannetes·
479 297 546 344 LlB.
568 299 614 348 tv.
766 315 801 365 97

42 442 45 451 ,
64 393 133 444 Ilaud
146 398 268 457 quaquam
281 392 313 441 ob
326 393 437 442 meritum
450 408 548 458 poenas,
562 390 606 439 nisi
619 388 666 443 fata
675 397 797 456 resistant,

63 473 175 529 Suscitut,
185 483 209 521 et
218 473 284 536 rapta
293 472 394 536 graviter
401 487 446 536 pro
456 470 556 537 conjuge
565 473 639 524 saevit.

100 551 144 601 llla
154 550 265 614 quidem,
275 549 332 599 ddm
342 562 365 599 te
376 548 466 615 fugeret
474 567 517 615 per
527 551 626 600 flumina
635 567 755 620 preceps,

62 635 192 679 Immunem
201 641 254 677 ante
264 629 335 694 pedes
344 627 452 694 hydrum·
459 630 573 678 moritura
583 631 662 695 puella

61 711 199 760 Servantem
208 709 270 773 ripas
280 708 327 757 alta
336 724 385 755 nou
394 707 454 756 vidit
464 710 489 755 in
496 706 576 757 hetha.

61 790 92 837 At
101 786 189 837 monis
199 786 294 852 aequalis
303 787 426 851 Dryadum
434 782 535 834 clamore
545 803 667 852 supremos

62 868 194 932 Implemnt
203 878 309 915 montes:
320 863 407 914 flkrunt
417 848 561 930 Rhodopeiae
571 883 648 928 arcet,

61 947 164 1013 Altaque
173 949 285 1011 Pangaea,
295 957 318 993 et
328 942 400 992 Rhesi
409 946 523 992 Mavortia
533 945 615 1003 tellus,

34 1032 40 1043 ⁸
61 1025 139 1090 Atque
149 1027 230 1082 Geta,
241 1035 310 1087 atque
320 1022 426 1080 Hebrus,
435 1035 505 1088 atque
515 1023 594 1072 Actias
603 1021 719 1091 Oridtyit.

61 1108 125 1170 lpse,
136 1104 194 1151 cava
204 1104 281 1151 solans
291 1117 379 1168 aegrum
389 1101 505 1150 testudine
515 1119 631 1161 amorem,

60 1186 105 1242 Te,
115 1182 191 1231 dulcis
202 1179 300 1245 conjux,
308 1193 332 1229 te
341 1181 391 1229 solo
402 1183 427 1228 in
437 1182 514 1229 littore
524 1197 614 1241 secum,

60 1265 104 1318 Te,
114 1261 226 1309 veniente
235 1260 273 1309 die
279 1297 286 1320 ,
295 1272 331 1320 te,
341 1259 478 1316 decedente,
488 1260 594 1307 canebat.

96 1340 217 1395 Taenarias
226 1340 297 1388 ctiam
306 1336 383 1387 fauces
390 1375 397 1397 ,
405 1339 451 1386 alta
460 1339 519 1387 esda
529 1338 601 1397 Ditis,

61 1422 91 1468 Et
98 1418 240 1484 caligantem
249 1418 315 1484 nigra
325 1417 449 1467 formidine
458 1418 540 1466 lucum

61 1501 191 1565 Ingressus,
202 1501 329 1561 Manesque
338 1497 406 1554 adiit,
416 1514 540 1562 regemque
551 1496 712 1555 tremcndum,

60 1577 188 1641 Nesciaque
197 1574 307 1625 humanis
317 1576 426 1640 precibus
435 1592 595 1624 mansuescere
605 1575 682 1624 corda.

60 1656 91 1704 Aa
100 1667 173 1704 cantu
180 1666 304 1705 commota
314 1656 386 1703 Erebi
395 1655 424 1703 de
434 1655 529 1702 sedibus
537 1654 589 1702 imis

60 1735 157 1784 Umbra,¹
167 1734 234 1783 ibant
241 1747 335 1794 tenues,
345 1734 516 1798 simulacraque
524 1732 577 1781 luce
586 1736 721 1791 carentum

61 1817 139 1878 Quam
149 1814 225 1862 multa
235 1815 260 1862 in
268 1814 332 1862 silvis
342 1813 423 1861 avium
433 1829 457 1860 se
466 1813 540 1860 millia
549 1811 670 1868 condunt,

59 1897 148 1960 ¹Vesper
158 1892 215 1951 ubi,
225 1904 266 1941 aut
275 1886 389 1940 bibemus
400 1893 448 1958 agit
456 1891 486 1940 de
495 1890 619 1940 montibus
630 1882 705 1939 imber
715 1907 721 1938 ι

59 1975 144 2021 Matres
154 1982 226 2037 atque
235 1971 293 2031 viri,
303 1969 460 2036 defunctaque
468 1987 567 2036 corpora
576 1968 626 2018 viel

53 2051 238 2118 ‚Magnanimum
247 2049 359 2110 bereum,
370 2050 450 2116 pueri,
460 2050 614 2115 innuptaeque
624 2048 722 2113 puellm,

61 2130 214 2196 lmpdsitique
224 2130 285 2196 rogis
295 2129 392 2194 juvenes
401 2141 453 2178 ante
464 2145 505 2177 nra
514 2140 652 2194 parentum

62 2213 126 2273 Quos
135 2209 226 2257 circum
235 2208 306 2258 limus
316 2210 393 2274 niger,
404 2221 427 2257 et
436 2208 547 2256 deformis
558 2206 649 2255 artando

61 2288 154 2355 Cocyti,
165 2288 279 2353 tardlque
288 2288 356 2353 palus
366 2287 499 2336 inamabilis
508 2285 574 2334 unda

62 2366 159 2434 tulgas,
170 2378 193 2415 et
203 2367 284 2414 novies
294 2368 352 2433 Styx
362 2365 474 2414 interfusa
484 2367 580 2414 coercet.

98 2445 166 2510 Quin
176 2446 232 2510 ipsae
242 2448 353 2511 stupuErc
362 2445 460 2504 domus,
470 2457 540 2509 atque
550 2441 632 2490 intima
641 2439 682 2490 leti

62 2526 167 2583 Tartara,
176 2523 335 2591 caeruleosque
344 2524 452 2591 implexae
461 2523 566 2572 crinibus
576 2536 663 2587 angues

64 2603 215 2663 Eumenides;
225 2603 348 2669 tenuitque
359 2601 452 2651 inhians
460 2604 503 2651 tria
513 2602 628 2651 Cerberus
638 2614 692 2654 era,

65 2679 137 2747 Atque
147 2683 233 2731 lxienil
242 2694 314 2731 vente
322 2694 374 2730 rota
383 2681 487 2731 constitit
494 2681 565 2730 orbis.

65 2762 159 2826 dumque
168 2761 255 2826 pedem
262 2760 376 2820 reserens,
386 2777 452 2811 casus
461 2770 565 2808 evaserat
574 2771 666 2811 omnes,

66 2839 207 2907 Reddithue
212 2832 332 2906 Eurydice
340 2857 437 2905 superas
446 2838 556 2888 veniebat
565 2837 595 2886 ad
604 2849 681 2891 auras,

68 2919 123 2967 lond
132 2935 233 2987 sequeus
243 2918 357 2986 (namque
367 2917 428 2968 hauc
437 2918 532 2968 dederat
541 2914 679 2980 Proserpina
689 2912 790 2976 legem).

69 3015 86 3050 t.
101 2998 163 3070 487.
656 3009 674 3060 9
