1974 3772
746 241 754 266 l

344 292 470 340 muers.
493 295 559 342 ma.
580 297 645 348 ΧΗ,
810 297 860 366 387

126 397 226 457 Jamque
236 391 314 440 aderat
324 389 415 439 Phoebo
425 404 479 440 ante
488 391 546 439 alios
555 391 653 440 dilectau
663 396 725 459 lapis

126 471 225 529 Iasides3
237 471 283 518 acri
292 469 414 534 quondam
420 471 460 518 cui
470 483 551 535 captus
562 487 640 520 amore

126 557 178 616 lpse
189 566 243 599 suas
252 562 324 608 artes,
335 566 377 597 sua
386 565 497 607 munera,
507 551 574 599 laetirs
584 551 672 616 Apollo

125 618 259 696 Augurium
269 626 429 693 citharamque
438 629 522 686 dabat,
531 629 663 695 celeresque
672 633 772 698 sagittas.

124 709 181 767 Ille,
191 720 218 757 ut
228 707 327 773 depositi
337 707 451 772 proferret
461 705 507 756 fau
517 709 633 773 parentis,

125 789 187 836 Scire
197 799 322 852 potestates
332 783 460 835 herbarum
470 803 587 852 usumque
597 788 706 838 medendi

125 867 222 925 Maluit,
233 879 256 914 et
265 878 342 914 mutas
352 867 437 932 agitare
446 867 559 933 inglorius
570 879 636 917 artes.
652 888 655 891 ·

164 943 257 1004 stabat,
268 945 349 993 acerba
359 943 472 1005 fremens,
482 945 600 1012 ingentem
610 946 678 995 nixus
688 949 712 996 in
723 945 827 1005 hastam,

124 1027 222 1082 Eneca,
233 1041 318 1089 magno
328 1022 442 1088 juvenum
452 1037 476 1073 et
485 1027 605 1075 moerentis
615 1026 660 1073 Iuli

124 1106 260 1160 Concursu,
270 1105 426 1168 lacrymisque
437 1104 570 1152 immobilis.
582 1104 623 1151 lile
633 1116 721 1152 retorto

124 1182 248 1230 Paeonium
257 1182 282 1229 in
291 1197 382 1229 morem
391 1183 468 1229 senior
478 1183 609 1230 succinctus
619 1183 705 1230 amictu
713 1169 730 1240 ,Ι

125 1261 200 1310 Multa
210 1277 284 1309 manu
293 1261 384 1309 medica
392 1258 524 1324 Phoebique
533 1261 670 1326 potentibus
677 1258 758 1310 herbis

125 1340 287 1404 Nequiequam,
297 1340 410 1404 trepidat,
419 1340 577 1405 nequicquam
587 1339 676 1405 spicula
685 1340 766 1389 dextra
808 1376 810 1383 .

124 1419 249 1477 Sollicitat,
260 1431 400 1484 prensatque
411 1421 486 1468 tenaci
496 1419 583 1484 forcipe
592 1418 688 1468 seruam.

125 1497 196 1546 Nulla
205 1497 269 1547 viam
279 1497 372 1547 fortuna
383 1499 452 1564 regit,
463 1496 524 1546 nihil
533 1510 614 1547 auctor
621 1499 708 1563 Apollo

82 1569 86 1578 ’
124 1576 240 1625 Subvenit
249 1595 255 1624 z
265 1589 290 1626 ct
299 1593 377 1626 saevua
385 1578 473 1641 campis
483 1577 556 1643 magis
566 1593 592 1624 ac
601 1578 675 1644 magis
685 1573 768 1625 horror

124 1654 265 1716 crebrescit,
275 1657 420 1722 propiusque
428 1657 518 1705 malum
528 1668 568 1704 est
577 1661 590 1704 J
592 1671 630 1705 am
639 1657 738 1722 pulvere
747 1657 834 1705 coelum

124 1735 189 1783 Stare
199 1734 293 1795 vident;
304 1734 408 1782 subeunt
417 1735 519 1800 equites,
529 1747 553 1784 et
562 1735 651 1800 spicula
661 1735 743 1805 castris*

122 1815 201 1860 -Densa
211 1814 300 1860 eadunt
307 1813 390 1861 mediis
400 1831 406 1859 ε
417 1814 436 1862 it
446 1815 516 1862 tristis
527 1814 557 1862 ad
566 1811 652 1862 aethera
659 1814 747 1861 elamor
827 1815 828 1818 ’

124 1892 257 1940 Bellantem
267 1890 393 1954 juvenum,
404 1904 427 1939 et
437 1893 497 1942 duro
507 1893 553 1940 sub
561 1897 636 1941 Marte
645 1893 777 1941 cadentum.

165 1970 209 2018 Hit
219 1973 312 2029 Venus,
323 1970 420 2036 indigno
431 1972 479 2019 nati
489 1987 601 2020 conctusa
611 1965 703 2030 dolore,

125 2050 276 2097 Dictamnum
286 2050 384 2114 genitrix
393 2053 482 2099 Cretaei
491 2050 565 2117 carpit
575 2050 606 2100 ab
614 2048 668 2109 Ida,

125 2129 256 2178 Puberibus
266 2124 356 2177 caulem
367 2128 428 2177 soliis
437 2142 460 2179 et
470 2129 527 2179 llore
536 2142 667 2182 comantem

125 2211 246 2272 Purpureo
259 2228 263 2254 :
275 2224 324 2255 non
333 2208 374 2256 illa
384 2207 437 2256 seria
448 2209 565 2274 incognita
575 2210 650 2272 capris

124 2288 251 2344 Gramina,
262 2288 316 2334 elim
326 2297 390 2351 tergo
400 2287 505 2335 volucres
516 2286 602 2336 haesere
610 2287 706 2351 sagittas.

126 2370 175 2414 lloe
186 2369 279 2424 Venus,
290 2365 389 2413 obscuro
400 2367 482 2414 faciem
492 2365 633 2414 circumdata
644 2365 738 2423 nimbo,

126 2445 215 2494 Detulit
226 2464 231 2492 :
243 2443 288 2511 lice
298 2443 378 2493 fusum
388 2446 459 2494 labris
469 2446 646 2511 splendentibus
654 2461 747 2496 amnem

126 2520 214 2582 Inficit,
224 2523 314 2572 occulte
324 2525 454 2585 medicans;
465 2527 598 2592 spargitque
609 2526 709 2573 salubris

125 2603 255 2652 Ambrosio
266 2621 358 2663 succos,
368 2618 392 2652 et
402 2605 541 2654 odoriferam
551 2621 684 2670 panaceam.

125 2683 195 2730 Fovit
206 2685 232 2730 ea
242 2683 329 2731 vulnus
339 2683 438 2749 lympha
446 2687 566 2751 longevus
575 2685 649 2749 lapis,

125 2767 237 2827 Ignorans
250 2781 254 2808 :
266 2763 391 2828 subitoque
401 2765 477 2813 omnis
488 2765 516 2813 de
526 2780 623 2829 corpore
633 2763 693 2829 sugit

127 2843 223 2905 Quippe
232 2841 312 2901 dolor;
323 2845 400 2891 omnis
410 2846 473 2892 stetit
483 2845 530 2892 imo
540 2844 637 2892 vulnere
648 2841 741 2905 sanguis
752 2858 757 2885 :

125 2925 225 2985 Jamque
234 2934 311 2969 secuta
323 2939 432 2982 manum,
443 2924 510 2974 nullo
520 2935 629 2990 cogente,
639 2922 721 2988 sagitta

126 3023 152 3051 v·
171 3001 234 3063 423.
