1974 3772
352 241 479 291 naurs.
501 244 567 290 mn
588 245 634 291 x1.
812 238 863 304 355

124 342 235 392 Dicamus
244 341 319 406 leges,
328 340 450 405 mosque
460 343 485 388 in
495 356 566 406 regna
575 356 685 409 nocemus
696 357 702 387 ε
791 390 794 398 ἲ

124 418 265 478 Considunt,
275 419 294 468 si
304 431 384 468 tantus
394 435 472 490 amur,
482 432 505 469 et
514 420 602 468 maenia
610 419 719 468 condant

124 499 165 549 sin
175 500 233 549 alios
242 494 301 548 fines
310 499 427 563 aliamque
436 514 554 563 capessere
563 510 657 564 gentem

123 582 167 627 Est
175 579 279 637 animus,
289 590 436 642 poscuntque
447 572 497 626 solo
507 578 616 629 decedere
622 589 720 641 'nusum

124 657 162 706 Bis
172 656 243 721 denas
252 657 311 705 Italo
321 668 427 706 texamus
436 656 521 705 robore
530 673 615 715 naves,

124 738 171 786 Seu
180 735 259 800 plures
268 735 386 800 complere
396 735 490 784 valent:
500 733 560 798 jacet
569 736 646 784 omnis
654 737 684 784 ad
694 734 786 784 undam

123 815 245 874 Materies,
256 815 301 879 ipsi
311 830 484 878 numerumque
493 813 639 878 modumque
647 813 731 862 carinis

124 894 276 958 Paaecipiant;
287 909 331 941 nos
339 909 396 953 aera,
406 909 503 951 manus,
513 893 606 941 navalia
616 895 705 942 demus.
760 919 764 932 ι

124 973 299 1036 Praeterel,qui
308 972 370 1021 dicta
380 971 455 1021 lerant
465 973 488 1021 'et
500 971 589 1021 foedera
599 968 707 1030 lirment,

123 1054 226 1100 Centum
236 1063 338 1099 oratores
346 1051 424 1114 prima
433 1051 462 1098 de
471 1063 540 1114 gente
551 1051 646 1099 Intinos

121 1134 160 1181 Ire
169 1129 246 1193 placet
252 1137 261 1188 ,¹
268 1129 379 1194 pacisque
389 1143 462 1176 manu
470 1128 614 1192 praetendere
624 1144 714 1185 ramos,

122 1212 223 1259 Munera
232 1219 364 1272 portantes,
375 1207 472 1271 aurique
482 1205 605 1271 eborisque
616 1206 714 1262 talenta,

124 1291 155 1336 Et
164 1287 245 1334 sellam
255 1287 320 1352 regni
330 1286 481 1351 trabeamque
490 1285 589 1352 insignia
599 1287 679 1334 nostri.

123 1366 245 1416 Consulite
255 1367 280 1413 in
289 1365 408 1426 medium,
418 1377 442 1414 et
450 1365 521 1414 rebam
531 1365 658 1414 succurrite
668 1364 740 1413 sessis.

162 1446 226 1492 Tum
236 1438 338 1494 Drances
348 1444 412 1493 idem
420 1443 538 1504 iniamus,
547 1460 620 1510 quem
629 1443 702 1510 gloria
710 1443 785 1492 Turni

102 1580 110 1600 l
121 1523 229 1588 ,Obliqua
238 1523 327 1572 invidia
336 1523 483 1587 stimulisque
493 1523 595 1589 agitabat
605 1524 701 1580 amaris,

125 1606 214 1668 Largus
223 1618 310 1668 opum,
320 1614 345 1651 et
353 1603 434 1668 lingul
443 1602 539 1661 melior,
549 1602 590 1656 sed
599 1600 683 1666 frigida
692 1600 762 1655 hello,
771 1624 773 1627 ·
811 1650 813 1653 ,

124 1672 237 1740 Dextera,
246 1681 349 1740 consiliis
356 1678 452 1730 habitus
462 1697 511 1729 non
520 1681 595 1729 lntilis
605 1693 698 1736 auctor,

124 1761 242 1810 Seditione
252 1772 349 1825 potens3
360 1774 433 1825 genus
443 1757 500 1808 huic
508 1759 753 1824 maternasuperbum

124 1840 239 1888 Nobilitas
249 1839 334 1898 dabat,
343 1839 460 1887 incertum
468 1839 498 1888 de
507 1850 573 1903 patre
584 1836 685 1898 serebat,

123 1917 215 1984 Surgit,
226 1931 249 1966 et
259 1915 296 1966 his
306 1929 387 1968 onerat
396 1918 473 1977 dictis,
484 1930 554 1983 atque
563 1930 656 1984 aggerat
663 1918 708 1965 iras
720 1937 726 1964 ι
787 1928 788 1935 ’

125 1999 184 2045 Rem
192 1997 253 2045 nulli
262 1998 398 2057 obscuram,
409 2009 494 2047 nostrat
504 2014 548 2046 nec
557 1999 621 2047 aneia
630 2009 749 2062 egentem,

123 2076 246 2134 Consulis,
256 2077 271 2125 al
281 2077 344 2125 bone
354 2082 411 2126 Rex.
420 2071 508 2131 Cuncti
516 2094 540 2126 se
550 2078 608 2127 scire
617 2073 722 2125 fatentur
789 2118 807 2134 ὀ

126 2156 192 2217 Quid
201 2154 295 2203 fortuna
306 2155 364 2205 ferat
372 2158 470 2222 populi,
481 2157 522 2204 sed
531 2157 607 2205 dicere
616 2164 729 2204 mussant

124 2237 171 2281 Det
179 2233 311 2282 libertatem
319 2235 397 2293 fandi,
407 2232 524 2298 flatusque
532 2235 648 2291 remittat,

123 2309 200 2374 Cujus
209 2311 241 2358 ob
251 2301 382 2375 auspicium
392 2308 522 2359 infaustum
531 2312 655 2374 maresque
664 2311 768 2359 sinistros

124 2385 223 2448 (Dicam
232 2390 354 2453 equidem,
364 2391 418 2439 licet
428 2406 492 2438 arma
501 2388 561 2438 milti
569 2402 717 2455 mortemque
726 2389 844 2444 minetur]

125 2470 227 2517 Lumina
236 2480 272 2516 tot
280 2469 387 2518 cecidisse
398 2469 498 2527 ducum,
508 2482 629 2533 totamque
640 2468 748 2518 videmus

124 2547 262 2597 Consedisse
271 2548 356 2596 urbem
364 2549 445 2607 luctu,
454 2549 513 2598 ditm
521 2552 592 2597 Troia
602 2559 676 2596 tentat

125 2629 218 2684 Castra,
229 2627 290 2692 fugae
301 2625 377 2687 fidene,
382 2664 388 2686 ,
398 2640 421 2676 et
431 2629 518 2676 coelum
527 2628 617 2676 territat
627 2627 703 2674 armis.

164 2708 248 2753 Unum
257 2707 328 2754 etiam
338 2707 406 2756 donis
416 2707 477 2765 istis,
487 2723 541 2770 quae
550 2707 653 2772 plurima
664 2704 727 2752 mitti

126 2784 265 2833 Dardanidis
275 2786 367 2850 dicique
377 2783 458 2849 jubes,
467 2801 556 2844 unum,
566 2785 655 2850 optime
665 2799 760 2848 regum,

125 2861 241 2926 Adjicias3
251 2881 293 2914 nec
302 2877 324 2914 te
334 2865 407 2914 ullius
417 2864 528 2914 violentia
538 2865 629 2923 vincat,

126 2959 153 2995 v.
171 2940 234 3007 354.
