1974 3772
212 122 224 148 l
328 142 332 147 .

123 148 400 293 wolfoftflmd
409 156 435 247 Al

133 300 136 305 .
365 267 492 315 euers.
515 269 586 327 rm
600 270 619 318 1.
830 266 877 320 ωε

141 371 243 417 Dorsum
252 364 353 414 immane
362 357 422 415 meri
432 376 531 422 summo.
541 370 598 414 Tres
607 370 687 415 Eurus
697 365 728 415 ab
738 367 783 416 ulte

139 451 167 496 lu
175 445 258 495 brevia
268 457 291 493 et
297 445 380 510 ‚Syrtes
389 456 469 511 urget,
479 445 610 493 miserabile
620 445 686 505 visu,

138 526 258 590 illiditque
268 524 346 585 vedis,
355 536 425 589 atque
435 539 516 589 aggere
526 523 597 590 cingit
607 539 690 573 ereum.

176 608 270 662 Unam,
279 618 333 668 quae
343 603 427 668 Lycios
437 600 558 667 fidumque
568 600 670 653 vehebat
679 606 807 676 Orontem,

139 684 215 749 Ipsius
225 695 279 731 aute
289 681 369 731 oeulos
379 683 460 747 ingens
470 682 484 728 lt
493 682 579 729 vertice
588 693 676 745 pontus

138 765 165 811 Iri
174 762 278 826 puppim
286 759 340 809 serit
350 779 356 808 ι
367 761 495 818 excutitur,
504 776 641 824 pronusque
650 761 759 826 magister

138 841 249 892 Volvitur
259 840 284 887 iu
294 832 365 904 caput
376 857 382 886 ι
393 852 428 888 est
437 839 501 887 illam
511 851 546 888 ter
556 838 642 887 fluctus
652 839 739 887 ibidem

138 923 241 984 Torquet
252 935 322 984 agens
332 918 429 976 circum,
440 930 463 965 et
472 917 568 982 rapidus
578 930 646 966 vorat
654 934 748 983 sequere
758 930 848 972 vortex.

138 999 260 1064 Appareut
269 998 315 1045 reri
325 1009 407 1044 nautes
417 997 442 1043 in
452 998 542 1061 gurgite
552 1008 619 1045 vesto
632 1014 637 1042 :

139 1077 209 1128 Arma
219 1077 311 1136 virum,
321 1075 467 1139 tabulaeque,
476 1087 498 1123 et
508 1079 578 1123 Troia
587 1091 644 1140 gaza
653 1092 696 1140 per
705 1077 787 1126 undas.

137 1161 190 1205 lem
199 1155 303 1203 validam
313 1154 395 1202 Ilionei
406 1170 502 1210 navem,
515 1152 563 1216 jem
574 1154 639 1202 fortis
649 1152 758 1213 Adiatae,

139 1238 166 1282 Et
176 1235 224 1298 qul
234 1245 316 1282 vectus
325 1233 402 1298 ibas,
413 1244 436 1280 et
444 1234 492 1295 qui
500 1232 639 1298 grendaevus
649 1231 758 1293 Alethee,

136 1313 199 1366 Vicit
208 1311 284 1360 hiems
295 1330 301 1358 :
312 1311 369 1360 lexis
378 1311 479 1359 laterum
489 1311 641 1376 compagibus
650 1327 734 1373 omues

137 1391 263 1456 Accipiunt
272 1391 395 1439 inimicum
404 1391 516 1447 imbrem,
526 1391 638 1455 rimisque
648 1387 766 1442 fatiscunt.

174 1471 266 1519 lateret
275 1486 361 1534 magno
371 1469 462 1516 misceri
472 1485 593 1517 murmure
602 1481 718 1539 portuum,

136 1540 301 1613 Emissamque
308 1546 412 1596 hiemem
421 1547 492 1597 sensit
502 1551 639 1612 Neptunus,
648 1561 671 1596 et
681 1548 734 1597 imis

135 1622 220 1695 stagia
229 1628 309 1676 refusa
318 1627 396 1684 vadis,
407 1627 507 1691 graviter
516 1638 662 1687 commotus;
674 1639 697 1675 et
710 1626 757 1675 alte

134 1707 294 1770 Prucpicieus,
305 1708 397 1754 summe
406 1706 527 1770 placidum
536 1717 608 1769 ceput
617 1705 700 1755 extulit
710 1704 781 1754 unde

135 1783 262 1848 Disiectam
270 1787 350 1831 AEueae
358 1795 407 1832 toto
418 1784 482 1832 videt
492 1800 584 1848 sequere
595 1785 704 1843 classem,

134 1863 259 1911 Fluctibus
268 1879 392 1928 oppressos
401 1867 473 1912 Troas
483 1864 583 1927 celique
592 1862 667 1912 ruint

134 1944 182 1990 Nec
190 1943 280 1991 latuere
291 1941 340 1990 doli
349 1940 446 1992 fratrem
454 1944 554 1991 lunonis
564 1956 588 1992 et
598 1944 644 1993 uoe.

133 2024 226 2068 Eurum
235 2020 266 2069 ad
275 2037 300 2068 se
310 2020 493 2088 Zephyrumque
504 2035 584 2083 vocam
595 2021 681 2071 dehinc
691 2022 746 2070 talia
754 2021 818 2070 futur
828 2039 834 2069 ι

133 2102 239 2147 Tantane
249 2115 294 2149 vos
303 2101 392 2164 generis
402 2103 479 2150 tenuit
489 2100 573 2151 fiducia
583 2099 671 2151 vestri?

133 2183 186 2227 Iam
196 2178 285 2227 coelum
294 2190 439 2242 terramque,
448 2196 502 2229 meo
510 2182 559 2229 sine
570 2181 680 2239 numine,
691 2181 770 2239 renti,

132 2256 243 2315 Miscere,
254 2268 279 2305 et
288 2269 363 2305 tentes
373 2259 463 2307 audetis
473 2259 553 2308 tollere
565 2257 656 2307 moles?

121 2320 201 2411 ‚¹Qucs
211 2351 278 2400 ege..
289 2336 335 2384 Sed
344 2349 420 2386 motos
430 2350 524 2425 praestct
531 2353 671 2402 componere
682 2314 785 2423 ssuctusi

120 2413 189 2462 Ῥδῖὶ
197 2412 258 2462 mihi
267 2416 395 2463 consimili
405 2388 476 2480 poe'nt
487 2419 608 2465 eommissa
618 2405 734 2466 luetis.

131 2495 249 2541 Maturate
260 2490 352 2559 sugam,
363 2496 458 2559 regique
468 2494 518 2545 haee
527 2496 595 2545 dicite
604 2507 698 2544 vestre:

131 2572 187 2619 Neu
195 2571 247 2618 illi
240 2574 368 2636 imperium
376 2575 452 2640 pelagi
463 2592 599 2640 saevumque
610 2575 744 2631 tridentem,

130 2648 179 2697 Sed
187 2647 248 2697 mihi
256 2663 318 2705 sorte
328 2651 410 2700 datum
420 2672 426 2699 ε
437 2666 501 2702 tenet
510 2653 549 2702 ille
559 2653 670 2701 immania
680 2668 747 2709 ιω,

86 2716 99 2803 ⁵,
129 2730 240 2788 Vestras,
250 2732 326 2786 Eure,
336 2731 418 2780 domos
430 2750 435 2780 :
447 2732 486 2780 illi
496 2748 520 2780 se
532 2730 601 2796 jactet
611 2734 636 2780 iu
646 2732 701 2779 culi

86 2816 94 2831 '
130 2799 229 2866 Melus,¹
237 2820 261 2856 et
269 2807 347 2856 clauso
357 2822 483 2858 ventorum
493 2827 582 2859 carcere
592 2821 679 2875 regnet

124 2883 128 2889 '
172 2885 210 2933 Sic
220 2887 265 2946 ait,
275 2898 299 2936 et
308 2887 370 2938 dicte
379 2889 449 2939 citius
457 2889 548 2940 tumida
557 2905 652 2956 equore
664 2887 753 2954 placat,

130 2980 158 3015 v.
180 2965 240 3029 ¹4²·

218 3040 228 3065 't
