1974 3772
310 219 438 268 matrs.
459 221 527 269 nte.
548 223 596 270 tn·
771 212 823 268 tot

84 317 131 369 Sed
139 322 253 383 magnum
261 330 368 367 metuens
376 334 401 367 se
408 330 463 384 post
472 331 560 368 cratera
569 320 661 384 tegebat
669 336 676 367 z

84 401 179 446 Pectore
188 398 213 444 in
223 397 320 445 adverso
330 409 408 446 totum
417 399 456 446 oui
464 399 572 447 oominirs
581 415 661 447 ensem

84 476 197 526 Condidit
207 478 348 541 assurgenti,
358 487 382 524 et
389 477 464 525 multa
473 490 547 525 morte
559 478 652 543 recepit

84 546 231 618 Purpuream
241 556 316 603 vomit
325 555 364 602 ille
374 556 489 614 animam,
499 568 586 605 etcum
596 556 709 621 sanguine
718 557 791 607 mixta

83 635 146 683 Vina
157 632 227 681 refert
236 635 338 682 moriens
349 651 355 681 τ
366 631 404 692 bic
413 633 477 683 furto
486 633 590 683 fervidus
601 637 678 684 instat

84 717 185 777 Jamque
195 711 225 760 ad
235 713 335 776 Messapi
343 712 416 761 socios
426 713 549 770 tendebat,
558 714 601 761 ubi
611 715 690 780 ignem

85 787 188 839 Deficere
198 803 341 850 extremum,
351 804 374 839 et
384 791 491 856 religatos
501 793 544 840 rite
554 793 649 841 videbat

83 872 185 934 Carpere
194 886 288 935 gramen
297 886 369 934 equos
377 888 383 931 ;
393 871 496 919 breviter
505 873 560 923 clun
569 871 623 920 talia
634 872 705 920 Nisus

85 948 176 1013 (Sensit
186 949 248 1015 enim
257 948 330 998 nimia
338 950 400 998 caede
409 963 479 1014 atque
488 951 599 1015 cupidine
609 949 692 1016 ferri),

84 1016 244 1086 Absistamus,
254 1028 300 1087 ait;
311 1043 367 1076 nam
374 1028 416 1076 lux
425 1030 518 1077 inimica
526 1030 678 1094 propinquat.

83 1109 211 1154 Poenarum
219 1104 360 1154 exhaustum
368 1108 423 1153 satis
433 1119 481 1166 est;
492 1107 530 1155 via
540 1104 599 1154 sacta
609 1123 652 1171 per
661 1105 748 1157 hostes.

83 1185 158 1234 Multa
168 1184 248 1233 viram
257 1184 331 1232 solido
342 1196 437 1249 argento
446 1183 548 1249 perfecta
558 1183 697 1250 relinquunt

84 1265 216 1327 Armaque,
226 1275 372 1327 craterasque
382 1263 465 1320 simul,
474 1260 633 1327 pulchrosque
643 1275 738 1328 tapetas.

84 1343 202 1408 Euryalus
211 1340 318 1408 phaleras
328 1340 466 1390 Rhamnetis
475 1354 499 1390 et
509 1358 578 1390 aurea
587 1342 659 1391 bullis

83 1420 196 1486 Cingula,
204 1421 299 1470 Tiburti
309 1421 410 1468 Remulo
420 1421 548 1469 ditissimus
558 1421 616 1470 olim
677 1438 680 1442 ·

85 1503 145 1562 Quae
155 1499 228 1548 mittit
237 1499 309 1556 dona,
319 1497 422 1564 bospitio
431 1500 487 1547 clun
496 1498 603 1563 jungeret
613 1498 709 1559 absens,

82 1578 202 1638 Caedicus3
213 1577 252 1626 ille
262 1594 305 1626 suo
314 1577 416 1625 moriens
426 1578 466 1627 dat
476 1576 561 1626 hahere
572 1578 652 1642 nepoti
664 1596 670 1624 ι

82 1660 139 1704 Post
148 1668 248 1704 mortem
257 1656 321 1703 bello
331 1657 414 1705 Rutuli
423 1656 549 1721 predaque
559 1655 628 1720 potiti
640 1673 646 1701 :

82 1739 139 1782 Haec
148 1737 222 1799 rapit,
233 1747 303 1799 atque
312 1732 417 1783 humeris
427 1736 584 1798 nequicquam
594 1733 694 1782 fortibus
705 1745 779 1798 aptat.¹

82 1816 146 1862 Tum
155 1815 245 1878 galeam
254 1813 354 1879 Messapi
363 1810 480 1871 habilem,
490 1813 610 1877 cristisque
621 1813 731 1862 decoram

83 1893 169 1940 Induit.
181 1892 304 1942 Excedunt
313 1893 406 1951 castris,
417 1905 442 1941 et
450 1904 500 1941 tuta
510 1899 641 1957 capessunt.

123 1973 213 2019 lnterelr
222 1971 335 2037 premissi
346 1972 435 2037 equites
444 1987 474 2020 ex
481 1972 541 2021 urbe
551 1973 644 2030 Latinis,

82 2052 164 2099 Cetera
174 2050 233 2098 dum
242 2052 302 2117 legio
312 2052 400 2116 campis
410 2053 522 2100 instructa
532 2062 638 2098 moratur
643 2083 653 2109 ,

83 2128 464 2194 lbant,et'l'u1noregiresponsa
474 2130 593 2188 serebant,
606 2169 623 2186 ,
745 2119 748 2124 ’

82 2210 235 2266 Tercentum,
246 2208 329 2256 scutati
338 2223 433 2265 omnes,
442 2207 567 2258 Volsoente
576 2211 693 2272 magistro.

80 2286 183 2349 :tamque
192 2284 385 2348 propinquabant
393 2285 486 2342 castris,
496 2300 612 2348 muroque
621 2272 746 2346 subibant,
817 2310 820 2315 ¹

81 2366 145 2418 ,Ciam
154 2362 238 2429 procul
247 2358 291 2411 hos
300 2362 360 2411 levo
370 2360 488 2412 flectentes
496 2363 570 2410 limite
580 2374 697 2437 cernuntq
765 2373 773 2387 ⁶

83 2448 114 2493 Et
123 2441 188 2508 galea
196 2441 328 2509 Euryalum
337 2442 452 2492 sublustri
459 2443 534 2490 noctis
544 2442 569 2489 in
579 2441 665 2489 umbrlr
697 2460 700 2465 ·

83 2522 189 2570 Prodidit
198 2523 371 2581 immemorem,
381 2521 498 2586 radiisque
507 2520 603 2570 adversa
613 2520 713 2587 refulsit-J

81 2601 154 2649 fland
164 2603 250 2649 temere
260 2612 294 2649 est
304 2601 397 2661 risum3
408 2600 536 2651 conclamat
546 2600 576 2647 ab
588 2599 680 2664 agtnine
689 2597 818 2656 Volecentt

83 2680 291 2745 State‚viri;quae
301 2676 718 2743 causariaeiquiveestisinarmis?
877 2684 879 2690 '

84 2758 170 2821 Quove
180 2758 263 2807 tenetis
272 2755 333 2806 iteri
344 2756 408 2806 Nihil
418 2757 453 2806 illi
462 2757 558 2807 tendere
565 2759 647 2806 contri
652 2773 661 2817 3

84 2837 129 2886 Sed
139 2838 237 2901 celerare
246 2838 327 2906 lugam
337 2839 362 2895 in
371 2837 441 2888 silvas
446 2872 453 2896 ,
463 2847 487 2886 et
496 2833 567 2888 fidere
577 2835 662 2964 110ch

84 2933 110 2970 v.
124 2917 188 2987 378.
627 2930 641 2964 a
665 2952 672 2965 .
