1974 3772
349 203 476 253 naurs.
506 205 573 253 Lis.
596 205 624 254 x.
813 205 866 271 329

124 306 215 352 AEnean
224 301 290 366 petit
302 301 363 350 Huic
373 302 463 368 gladio,
472 317 561 366 perque
570 317 628 350 aerea
638 291 702 360 suta,

111 419 113 423 ⁴
125 386 169 431 Per
179 381 284 439 tunicam
292 382 438 446 squalentem
448 397 516 439 auro,
526 382 586 430 latus
594 378 674 429 haurit
684 392 798 445 apertum.

125 462 183 510 Inde
194 458 282 510 Lichan
293 458 357 518 ferit,
368 471 486 508 exsectum
495 457 543 518 iam
553 472 626 508 matre
636 461 771 525 perempti,

124 541 156 588 Et
165 540 222 597 tibi,
235 537 339 596 Phoebe,
349 555 454 596 sacrum,
463 555 530 587 casus
540 539 638 587 evadere
648 537 702 586 ferri
772 587 776 594 ,

124 619 170 668 Cui
179 618 246 666 licuit
256 634 336 687 parvo.
347 621 395 666 Nec
404 619 473 682 longe
483 618 560 666 Cissea
570 618 668 675 durum,

124 702 302 762 immanemque
313 701 397 762 Gyan,
406 708 534 745 sternentes
544 696 636 762 agmina
646 697 724 756 clavi,

125 774 215 838 Deiecit
223 776 277 824 leto.
289 774 353 824 Nihil
363 776 415 823 illos
426 766 534 824 Herculis
544 792 620 835 arma,

125 855 164 902 Nil
174 854 257 903 validae
267 853 348 918 juvere
358 871 454 912 manus,
463 856 600 920 genitorque
610 853 754 920 Melampus,

125 933 213 982 Alcidae
223 949 313 997 comes,
323 937 399 998 usqne
407 950 489 999 graves
499 934 558 982 dum
567 946 628 983 terra
637 923 730 982 labores

123 1011 234 1060 Praebuit.
245 1017 304 1061 Ecce
314 1011 403 1072 Pharo,
414 1028 481 1061 voces
491 1012 550 1069 dum
559 1011 630 1076 jactat
638 1013 742 1075 inertes,

123 1095 265 1155 Intorqueus
273 1089 378 1154 jaculum
383 1125 390 1150 ,
399 1093 509 1157 clamanti
518 1092 579 1139 sistit
587 1093 612 1139 in
622 1107 669 1138 ore

122 1173 161 1218 Tu
171 1186 279 1235 quoque,
289 1163 415 1218 flaventem
424 1164 500 1235 prima
509 1169 620 1235 lanugine
630 1169 703 1218 malas

124 1250 188 1296 Dlrm
198 1249 301 1313 sequeris
310 1249 417 1314 Clytium
425 1248 517 1312 infelix,
527 1264 589 1297 nova
598 1247 696 1312 gaudia,
705 1244 806 1312 Cydon,

124 1327 242 1376 Dardanii
251 1339 337 1377 stratus
346 1326 439 1389 dextri,
449 1344 544 1376 securus
553 1340 675 1384 amorum,

125 1407 174 1470 Qui
185 1405 300 1469 juvenum
309 1407 353 1455 tibi
363 1423 455 1473 semper
464 1420 542 1462 erant,
553 1406 697 1464 miserande,
707 1403 811 1470 jaceres,

122 1486 153 1532 Ni
163 1483 264 1533 fratrum
273 1488 357 1552 stipata
366 1484 449 1535 cohors
459 1486 519 1535 foret
528 1486 609 1544 obvia,
620 1484 705 1534 Phorci

123 1565 262 1629 Progenies,
273 1576 363 1630 septem
372 1581 471 1614 numero
481 1559 623 1631 septenaque
633 1564 679 1613 tela

106 1642 259 1716 *Conjiciunt
270 1661 276 1690 z
287 1646 374 1709 partim
384 1645 449 1711 galei
457 1644 588 1710 clypeoque
598 1642 713 1692 resultant

123 1722 205 1782 Irrita3
216 1720 311 1770 deflexit
320 1725 407 1788 partim
415 1723 550 1790 stringentia
560 1738 645 1789 corpus

123 1800 193 1849 Alma
203 1804 291 1851 Venus.
298 1802 386 1850 Fidum
395 1807 480 1851 AEneas
489 1802 573 1851 offatm
584 1798 689 1850 Achaten
699 1819 707 1849 t

123 1880 224 1944 Suggere
235 1879 280 1928 tela
289 1877 349 1933 mihi
360 1882 423 1945 (uon
429 1883 508 1931 ullum
517 1874 611 1931 dextera
621 1880 706 1930 frusta-l

121 1960 226 2006 Torserit
235 1960 260 2007 in
270 1960 400 2024 Rutulos),
410 1973 524 2011 steterunt
533 1977 586 2028 quae
596 1962 622 2009 in
631 1974 728 2025 corpore
739 1956 842 2009 Graitlm

118 2037 198 2096 ¹Iliacis
208 2039 304 2103 campis.
314 2041 377 2087 Timr
385 2054 495 2106 maguam
504 2041 600 2107 corripit
607 2038 711 2100 hastam,

123 2120 154 2164 Et
163 2113 218 2178 jacit
228 2134 234 2163 ε
246 2118 286 2166 illa
296 2119 379 2168 volans
389 2121 465 2186 clypei
475 2111 647 2169 transverberat
656 2135 700 2166 aera

122 2196 233 2254 Maeonis,
244 2208 267 2245 et
276 2194 371 2245 thoraca
381 2199 451 2246 simul
460 2215 515 2246 cum
524 2211 618 2262 pectore
627 2197 724 2260 rumpit.

121 2273 185 2322 Huic
195 2271 266 2321 frater
276 2274 340 2322 subit
349 2275 463 2335 Alcanor,
473 2274 615 2338 fratremque
625 2285 733 2322 ruentem

122 2353 243 2401 Sustentat
253 2351 333 2400 dextri
344 2370 349 2397 :
361 2351 456 2416 trajecto
465 2355 535 2402 missa
545 2355 630 2400 lacerto

121 2431 233 2479 Protinus
241 2427 308 2479 hasta
317 2431 391 2496 fugit,
400 2444 523 2496 servatque
533 2444 628 2480 cruenta
639 2429 743 2480 tenorem
751 2447 759 2492 ς

123 2513 270 2574 Dexteraque
280 2526 308 2559 ex
317 2507 417 2582 humero
427 2512 506 2560 nervis
515 2510 658 2560 moribunda
666 2509 787 2575 pependit

121 2590 186 2636 Tiun
195 2589 317 2646 Numitor,
327 2586 404 2652 jaculo
414 2588 490 2639 fratris
501 2591 530 2639 de
539 2606 636 2656 corpore
645 2600 727 2655 rapto,

122 2671 214 2716 fflnean
223 2669 305 2732 petiit3
316 2669 357 2717 sed
366 2685 415 2717 non
425 2681 449 2717 et
455 2667 528 2736 digere
537 2672 619 2718 contri

122 2750 167 2796 Est
174 2747 278 2805 licitum,
288 2749 414 2824 magnique
424 2747 501 2796 femur
510 2748 645 2815 perstrinxit
654 2743 759 2795 Achatae.

162 2826 207 2874 Hic
218 2826 332 2888 Curibus,
343 2825 418 2878 fidens
427 2820 542 2895 primaevo
550 2843 646 2895 corpore
652 2863 660 2888 ,
668 2826 771 2875 Clausus

123 2921 150 2957 V·
165 2908 196 2969 31]
202 2904 227 2957 5.
668 2905 713 2959 ’28ι
