1974 3772
563 138 571 171 Ι

141 277 195 329 aas
354 266 484 323 adnuit
503 272 676 324 vincturi

138 383 226 427 Dextra
236 373 305 434 viris,
315 375 455 441 animusque
463 373 542 439 ieron,
552 354 691 439 pariensque
700 376 793 440 pericli,
820 392 831 409 s

178 456 225 506 Cui
235 461 299 506 luno
309 454 439 504 submissa:
452 453 530 518 Quid,
541 455 556 501 ὀ
565 449 724 518 pulcherrime
733 455 824 521 asnjam
830 492 839 519 ,

143 535 259 585 Sollicitas
269 549 366 600 egram,
377 545 400 583 et
409 544 450 581 tua
461 533 534 582 tristia
544 533 605 582 dicta
616 533 757 583 timentem?

142 615 168 664 Si
176 612 248 670 mihi,
258 629 311 678 quae
321 613 442 677 quondam
452 613 540 670 suerat,
550 628 669 677 quamque
679 630 728 662 esse
739 615 850 673 decebat,

118 699 123 709 ⁸
140 695 183 747 Vis
193 693 218 741 in
227 682 306 741 amore
317 692 389 751 l'oret,
400 708 448 740 non
459 691 504 741 hoc
512 689 571 740 mihi
582 696 684 757 namque
694 709 807 760 negares,

140 771 312 836 Omnipotens:
323 771 382 836 quin
392 783 416 820 et
424 787 511 838 pugna
521 770 651 820 subducere
661 776 787 835 Turnum,

45 863 54 891 ν’
141 855 171 901 Et
182 855 266 899 Dauno
275 866 369 914 possem
378 849 522 900 incolumem
529 866 620 898 serrare
628 852 728 916 parenti.

141 933 209 980 Nunc
219 942 311 995 pereat,
320 931 463 994 Teucrisque
473 929 514 994 pio
524 930 564 978 dat
573 930 687 994 sanguina
696 947 789 998 paenas.

140 1009 183 1058 Ille
193 1021 272 1057 tamen
283 1011 362 1057 nostrl
372 1008 466 1057 deducit
476 1008 566 1073 origine
576 1024 677 1074 nomen,

140 1080 313 1153 Pilumnusque
323 1088 357 1136 illi
367 1100 464 1152 quartus
474 1098 553 1152 pater,
564 1099 588 1135 et
597 1099 638 1136 tua
648 1087 714 1153 largi

141 1168 208 1234 Saepe
217 1184 291 1216 manu
301 1167 430 1233 multisque
439 1167 545 1215 oneravit
553 1165 635 1214 limina
646 1166 724 1217 donis.

180 1247 226 1296 Cui
237 1251 287 1295 Rex
297 1243 390 1294 :etherei
399 1246 503 1294 breviter
511 1246 544 1293 sic
554 1241 617 1293 satur
625 1246 742 1312 Olympi:

141 1326 166 1375 Si
176 1342 241 1373 mora
251 1324 371 1388 praesentis
380 1325 421 1372 leti
430 1336 572 1390 tempusque
581 1325 670 1373 cadum

140 1408 228 1453 Oratur
238 1402 332 1466 juveni,
341 1404 428 1468 meque'
437 1401 482 1452 hoc
493 1404 622 1470 ita-ponere
631 1404 718 1462 sentis,

139 1483 207 1532 Tolle
217 1480 272 1547 fuga
281 1486 403 1542 Turnum,
414 1495 486 1548 atque
494 1483 636 1532 instantibus
646 1482 712 1550 eripe
722 1481 777 1534 fatis
786 1502 792 1532 t

141 1564 260 1610 Hactenus
270 1561 394 1610 indulsisse
402 1574 477 1611 vacat.
487 1563 529 1612 sin
538 1563 608 1611 altior
617 1560 668 1612 istis

140 1641 191 1690 Sub
200 1641 310 1706 precibus
320 1641 389 1690 venia
398 1641 448 1690 ulla
456 1642 525 1701 latet,
535 1653 660 1706 totumque
670 1643 763 1693 morari

140 1721 257 1770 Mutarive
266 1733 336 1785 putas
346 1721 450 1781 bellum3
461 1737 514 1786 spes
523 1709 696 1786 pascis'iuanes.

141 1805 171 1849 Et
181 1805 245 1849 luno
256 1800 409 1866 allacrymans
419 1819 425 1848 2
436 1799 500 1864 Quid
511 1800 543 1858 si,
553 1799 619 1865 quod
628 1816 686 1848 voee
696 1799 812 1866 gravam,

140 1883 220 1928 Mente
230 1879 310 1939 dares;
321 1891 391 1944 atque
401 1878 452 1927 haec
460 1884 542 1928 Tamo
552 1891 602 1928 rata
611 1871 661 1928 rita
669 1878 794 1928 maneret?
811 1870 813 1874 Α

140 1961 210 2006 Nunc
219 1970 299 2006 manet
309 1954 426 2007 insontem
436 1960 513 2026 gravis
523 1959 611 2016 exitus,
621 1971 664 2008 aut
673 1974 717 2024 ego
727 1960 777 2008 veri

140 2039 208 2086 Vana
218 2035 280 2084 seror
289 2055 294 2084 :
304 2037 369 2100 quod
378 2049 406 2085 ut
417 2039 521 2103 lpotius
531 2038 656 2086 formidine
666 2035 724 2087 salsa
825 2091 826 2095 ,

141 2115 233 2176 Ludar;
244 2128 267 2163 et
277 2116 301 2163 iu
311 2117 395 2164 melius
406 2129 459 2178 tua,
469 2119 512 2182 qui
521 2131 601 2182 potes,
611 2134 663 2165 orsa
674 2116 792 2166 reflectas!

181 2199 235 2243 Haec
244 2194 287 2244 ubi
297 2195 358 2244 dicta
368 2195 445 2254 dedit,
456 2197 515 2244 coelo
525 2214 549 2245 se
559 2197 668 2261 protinus
678 2197 726 2245 alto

140 2273 216 2333 Misit,
227 2290 296 2340 agens
306 2273 416 2336 hiemem,
427 2276 509 2324 nimbo
519 2267 635 2325 succincta
645 2292 688 2341 per
697 2293 779 2340 anras;

140 2354 281 2418 Iliacamque
292 2355 364 2403 aciem
375 2366 398 2404 et
408 2356 534 2404 Laurentia
544 2367 617 2404 castra
626 2354 719 2421 petivit

140 2425 203 2482 Tum
213 2437 261 2482 Dea
271 2434 336 2482 nube
346 2436 402 2482 carl
410 2447 507 2483 tenuem
517 2436 567 2483 sine
577 2435 668 2482 viribus
678 2435 789 2483 umbram

141 2515 168 2559 ln
178 2511 261 2560 faciem
270 2515 350 2562 AEneae
361 2514 428 2584 (visu
438 2515 545 2562 mirabile
554 2513 702 2578 monstrum)

141 2591 263 2640 Dardaniis
273 2604 342 2640 ornat
351 2593 416 2652 telis;
426 2594 585 2659 'clypeumque
594 2591 712 2657 jubasque

141 2669 221 2718 nivini
231 2672 342 2720 assimilat
351 2671 446 2736 eapitis3
458 2672 498 2720 dat
507 2673 586 2720 inania
596 2671 682 2731 verha3

142 2752 187 2797 Dat
194 2751 243 2798 sine
254 2763 332 2799 mente
342 2765 440 2811 sonum,
451 2767 589 2816 gressusque
598 2749 688 2817 effingit
697 2751 789 2800 euntis:
857 2788 860 2795 .

139 2830 215 2877 Morte
225 2829 289 2877 obita
298 2828 379 2893 quales
389 2830 450 2878 lama
461 2843 496 2879 est
505 2826 602 2879 volitare
612 2827 712 2896 figuras,

77 2973 80 2977 Ι
140 2907 190 2956 Aut
199 2923 251 2972 quae
262 2909 350 2974 sopitos
360 2909 476 2959 deludtmt
485 2910 575 2960 somnia
585 2925 674 2960 sensus.

141 3004 166 3039 v.
184 2987 218 3052 64
223 3004 248 3039 n.
