1974 3772
369 250 496 301 nttnts.
517 253 584 301 tna.
604 255 635 307 V.
818 266 868 304 ποι

97 358 101 363 “
132 355 233 414 Jamque
241 348 299 398 aded
307 348 387 397 donati
397 366 491 407 omnes,
499 350 632 414 opibusque
642 341 750 414 superbi,

132 428 241 478 Prmiceis
250 427 317 476 ibant
326 428 412 477 evincti
422 441 528 492 tempora
538 429 626 486 taeniis3

131 509 195 563 Ciam
204 523 266 554 saevo
276 510 289 554 ὸ
298 507 395 570 scopulo
405 508 481 555 multi
490 509 530 556 vix
540 520 588 556 arte
598 508 719 568 revulsus,
741 526 749 536 “

131 586 230 635 Amissis
238 585 321 645 remis,
332 597 402 649 atque
411 585 493 634 ordine
503 585 587 635 debilis
597 603 658 644 uno,

105 729 108 732 Ι
131 665 226 713 Irrisam
236 665 285 713 sine
294 662 384 712 bonore
395 675 468 712 ratem
478 667 597 730 Sergestus
607 666 696 731 agebat.

131 745 215 808 Qualis
225 747 287 808 saepe
296 744 340 791 viae
350 742 479 807 deprensus
488 743 513 791 in
523 760 605 809 aggere
615 759 722 808 serpens,

129 826 198 872 'AEreu
208 839 281 887 quem
291 822 416 886 obliquum
425 834 477 870 rota
486 823 587 881 transiit,
597 835 639 871 ant
648 823 724 888 gravis
733 825 781 873 iettr

130 900 276 952 seminecem
284 902 355 966 liquit
365 918 420 949 saxo
429 903 579 965 lacerumque
589 901 680 961 viator3

130 981 293 1045 Nequidquam
302 971 385 1046 longos
394 981 486 1045 fugiens
496 980 536 1035 dat
544 996 641 1045 corpore
652 993 740 1040 tortus,

130 1064 197 1108 Parte
208 1059 284 1117 ferox,
294 1059 424 1122 ardensque
435 1060 508 1107 ortulis
515 1059 555 1117 ‚et
564 1059 632 1107 sibila
642 1060 701 1107 eolla

131 1138 225 1187 Arduus
235 1138 356 1197 attollens;
366 1134 528 1202 pars'vulnere
538 1137 620 1186 clauda
630 1129 731 1187 retentat

131 1221 258 1265 Nexantem
268 1217 355 1285 nudos,
366 1232 437 1279 seque
445 1216 470 1262 in
478 1233 520 1264 sua
530 1217 635 1264 membra
644 1215 777 1281 plicantun.

128 1296 179 1344 Tali
190 1295 286 1361 remigio
297 1295 364 1343 navis
374 1311 397 1342 se
408 1294 473 1363 tarda
483 1295 594 1343 movebat
604 1314 610 1343 ι

128 1373 187 1424 Vela
197 1375 252 1423 facit
261 1384 353 1430 tamem
363 1385 387 1421 et
396 1374 472 1439 plenis
481 1373 546 1423 subit
555 1374 613 1422 ostia
623 1374 690 1424 velis.

127 1456 261 1519 Sergestum
270 1457 354 1501 AEnees
363 1453 479 1517 promisso
488 1454 586 1501 munere
595 1453 668 1502 donat
673 1489 680 1513 ,

127 1534 248 1580 Servatam
257 1533 290 1580 ob
300 1548 384 1580 narem
394 1531 462 1579 laetns
472 1532 596 1595 sociosque
602 1531 716 1581 reductos.

127 1611 174 1658 Olli
185 1628 251 1659 serva
261 1611 343 1670 datur,
353 1627 452 1676 operum
462 1609 527 1659 haud
537 1611 615 1676 ignara
625 1611 750 1670 Minervae,

127 1692 207 1739 Cressa
217 1687 293 1755 genus
300 1688 401 1750 Pholoe,
411 1692 544 1757 geminique
555 1690 600 1740 sub
608 1689 681 1740 ubere
690 1690 747 1740 nati.

165 1773 216 1816 Hoc
226 1770 280 1833 pius
289 1773 373 1817 AEneas
382 1772 453 1819 misso
462 1766 587 1820 sartamine
597 1771 673 1819 tendit
851 1835 854 1840 Ι

127 1847 281 1895 Gramineum
291 1848 316 1894 in
326 1847 449 1913 eampum,
459 1866 532 1914 quem
541 1848 640 1899 c'ollibus
650 1850 756 1914 undique
765 1851 843 1900 curvis
861 1911 864 1919 Ι

122 1924 256 1991 cingebant
267 1926 345 1985 silvae3
355 1928 479 1992 mediaque
489 1929 514 1976 in
523 1929 584 1977 valle
594 1928 688 1977 theatri·

123 2004 209 2052 Circus
219 2015 281 2063 erat,
290 2006 339 2068 qud
349 2021 373 2053 se
384 2007 464 2054 multis
474 2024 529 2055 eum
538 2008 644 2056 millibus
654 2005 724 2060 herus

125 2077 241 2132 Consessn
250 2083 356 2131 medium
365 2085 433 2142 tulit,
443 2097 606 2151 exstructoque
616 2086 707 2135 resedit.
755 2122 757 2126 ‚

81 2216 85 2223 Ι
126 2163 181 2219 Hie,
192 2161 234 2224 qui
244 2161 303 2210 sorte
313 2163 387 2212 velint
397 2164 479 2229 rapido
486 2165 627 2212 contendere
636 2181 719 2223 cursu,

125 2241 211 2288 Invitat
221 2241 301 2304 pretiis
312 2242 415 2299 animos,
425 2255 449 2291 et
458 2244 554 2306 praemia
564 2244 639 2307 ponit.

125 2319 235 2382 Undique
245 2321 390 2368 conveniunt
399 2323 496 2380 Teucri,
506 2322 622 2386 mixtique
633 2323 724 2370 Sicani:
779 2333 781 2338 ·

124 2398 193 2446 Nisus
203 2410 226 2445 et
236 2399 354 2463 Euryalus
364 2401 441 2464 primi.

124 2477 241 2543 Euryalus
251 2477 327 2526 forma
336 2480 444 2544 insignis,
455 2480 572 2544 viridique
582 2479 693 2543 juventl5

123 2557 192 2603 Nisus
202 2572 280 2603 amora
289 2558 330 2620 pio
340 2559 420 2621 pueri:
431 2575 490 2622 quos
501 2546 585 2608 deinde
595 2571 687 2620 secutus

122 2635 209 2700 Regius
219 2635 309 2701 egregia
319 2638 405 2685 Priami
416 2639 444 2685 de
455 2638 526 2702 stirpe
536 2639 616 2686 Diores
627 2657 633 2684 z

122 2718 191 2761 Hune
201 2715 290 2772 Salius,
300 2715 371 2762 simul
381 2728 404 2764 et
413 2720 499 2764 Patron
507 2735 513 2776 ;
523 2733 627 2780 quorum
636 2717 694 2763 alter
704 2715 830 2775 Acarnan,

100 2830 104 2838 .
121 2792 187 2840 Alter
197 2793 228 2839 ab
238 2791 338 2841 Arcadia
348 2799 449 2858 Tegeaeae
460 2795 572 2858 sanguine
581 2795 663 2859 gentis.
822 2788 827 2797 ’

121 2873 182 2919 Tum
193 2872 241 2920 duo
251 2873 364 2921 'l'rinacrii
374 2871 484 2937 juvenes,
495 2874 610 2939 Helymus
619 2877 785 2938 Panopesque,

121 2971 144 3003 v.
163 2967 227 3002 000.
