1974 3772
294 217 421 267 AENEIS.
442 218 509 266 trs.
530 218 611 270 Vttt.
662 276 666 281 ⁵
770 217 823 282 ⁴273

84 292 147 370 (blm
156 327 222 381 puter
232 314 257 363 iu
265 315 318 379 ripl
325 314 442 379 gelidique
452 315 498 364 sub
506 313 598 364 etheris
607 333 649 364 ure

85 398 181 453 AEnem,
192 394 252 443 tristi
262 394 370 443 turbatus
379 406 473 459 pectora
482 395 559 453 bello,

84 474 226 532 Procubuit,
236 489 358 537 serumque
368 472 433 522 dedit
441 490 484 538 per
493 475 598 522 membra
609 475 720 539 quietem.

83 553 146 602 Huic
157 557 220 602 Deus
230 551 279 617 ipse
288 552 347 610 looi,
358 549 432 601 fluvio
441 552 566 601 'liberium
576 557 687 611 uriroeno‚'

42 655 44 659 ¹
83 632 199 696 Populees
209 633 270 680 inter
279 633 356 680 senior
366 647 390 679 se
400 630 505 679 attollere
514 629 609 682 frondes

82 710 161 765 Visus.
173 715 237 759 Eum
246 709 323 759 tenuis
332 709 415 776 glauco
425 709 519 758 velabat
528 711 616 760 amictu

83 789 213 847 (Iubmus,
223 802 246 838 et
255 791 329 839 crines
339 790 452 838 umbrosa
461 789 553 855 tegebat
562 789 660 838 arundo.

82 872 146 918 Tum
155 869 187 917 sic
198 867 275 928 affari,
285 882 309 918 et
317 886 384 918 curas
393 868 431 917 his
440 869 533 917 demere
543 869 609 918 dictis
619 886 625 916 ι
666 886 669 892 ·
775 927 776 930 ¹

83 952 105 997 Ο
116 961 163 1017 sate
173 961 241 1015 gente
251 950 341 1007 Deum,
351 946 478 1012 Troianam
487 964 515 996 ex
524 946 633 997 hostibus
643 948 725 996 urbem

85 1028 134 1092 Qui
144 1025 235 1076 revehis
245 1027 327 1086 nobie,
337 1038 470 1092 aeterneque
480 1030 591 1093 Pergama
601 1043 692 1087 serves,

83 1110 220 1171 Exspectate
230 1108 279 1155 solo
291 1106 414 1165 Laurenti,
424 1106 533 1169 arvisque
543 1105 645 1165 Latinis,

82 1171 129 1235 llic
138 1185 181 1233 tibi
191 1198 253 1234 certa
262 1185 360 1245 domus3
371 1184 438 1243 certi,
449 1200 478 1232 ne
488 1171 705 1246 absistessPenetes3

83 1268 136 1314 Neu
144 1265 201 1312 belli
211 1266 295 1313 terrere
305 1263 376 1314 minis
385 1282 391 1312 ε
401 1275 481 1315 tumor
489 1263 566 1312 omnis
576 1274 598 1312 et
609 1263 649 1310 irus
732 1293 740 1303 ‚

83 1346 222 1394 concessere
233 1345 317 1393 Deum

84 1423 249 1488 Jamquetibi‚
259 1424 289 1473 ne
298 1439 359 1474 vane
368 1433 438 1490 putes
448 1420 499 1476 hec
509 1420 597 1492 lingere
606 1437 731 1482 somnum,

22 1533 27 1539 ν
83 1501 192 1550 Littoreis
201 1500 283 1567 ingens
293 1502 389 1552 inventa
398 1502 444 1551 sub
454 1504 546 1552 ilicibus
555 1520 608 1562 sus,

82 1580 187 1644 Triginta
198 1581 303 1646 capitum
313 1580 375 1630 fetus
384 1583 463 1642 enixa,
474 1580 573 1645 jacebit,
585 1590 588 1598 '

82 1658 158 1717 Alba,
168 1660 218 1708 solo
228 1660 356 1718 recubans,
364 1661 411 1708 albi
422 1661 511 1709 circum
519 1661 592 1710 ubera
603 1658 660 1711 neti.

83 1739 128 1787 Hic
137 1738 202 1786 locus
211 1739 278 1788 urhis
288 1741 343 1798 erit,
353 1739 446 1803 requies
455 1755 481 1788 eu
491 1751 554 1788 certa
562 1741 685 1800 laborum5
711 1737 713 1741 ¹

82 1807 119 1866 bx
128 1834 177 1882 quo
187 1830 222 1865 ter
232 1817 298 1866 denis
307 1818 392 1867 urbem
400 1818 553 1867 redeuntibus
563 1819 632 1867 aunis

83 1896 197 1945 Ascanius
207 1897 263 1945 oleri
271 1897 356 1946 condet
365 1898 511 1964 cognominis
521 1897 615 1946 Albmn.

83 1975 153 2029 Haud
164 1977 250 2026 incerta
260 1993 324 2026 cano.
336 1981 404 2026 Nunc
413 1980 461 2042 qud
471 1979 560 2026 ratione
570 1977 635 2042 quod
645 1976 718 2027 instet
763 1971 768 1977 ”

83 2055 199 2120 Expedite
209 2057 283 2104 victor
289 2091 296 2115 ,
306 2057 399 2120 paucis,
408 2058 516 2116 adverte,
527 2056 623 2105 docebo.

121 2133 224 2183 Arcades
233 2134 271 2182 his
279 2136 341 2195 orie,
348 2153 421 2200 genus
431 2138 445 2183 lt
455 2137 559 2184 Pallante
569 2134 715 2200 proseclum.

84 2215 133 2277 Qui
142 2230 221 2279 regem
231 2215 369 2263 Evendmm
377 2217 486 2274 comites,
494 2215 536 2278 qui
546 2215 612 2277 signa
623 2213 709 2272 secuti,

83 2293 193 2357 Delegere
203 2294 295 2351 locum,
303 2305 327 2341 et
336 2296 435 2358 posuere
444 2294 470 2340 in
479 2292 601 2340 montibus
610 2291 709 2345 ruben,

82 2371 193 2420 Pallantis
202 2372 285 2436 proavi
295 2372 324 2420 de
335 2372 430 2420 nomine
440 2372 592 2427 Pallanteum.

83 2452 113 2498 Hi
121 2450 212 2498 bellum
222 2451 313 2499 assidue
323 2451 413 2500 ducunt
422 2468 478 2500 etun
487 2463 555 2516 geute
565 2450 648 2499 Latini
658 2466 665 2509 ;

82 2533 131 2577 Hos
145 2530 224 2577 castris
232 2528 318 2578 adhibe
328 2532 414 2588 socios,
424 2543 447 2579 et
454 2530 548 2578 ,foedera
558 2512 637 2596 junge.⁴

82 2611 135 2671 Ipse
145 2624 188 2674 ego
198 2621 221 2656 te
229 2609 286 2674 ripis
296 2622 319 2657 et
329 2608 500 2659 recto'llumine
510 2609 608 2667 ducem,
694 2609 702 2619 ‘

21 2676 30 2693 ²
82 2687 216 2736 Adversum
226 2689 295 2736 remis
305 2705 400 2752 superes
410 2689 536 2737 subvectus
546 2700 574 2735 ut
584 2701 684 2735 emnem

31 2810 36 2820 ,
81 2768 155 2832 Surge
165 2784 220 2833 age,
231 2778 284 2816 nate
294 2770 356 2828 Βοῦς
367 2768 496 2832 primisque
504 2767 641 2816 cadentibus
651 2764 729 2823 astris,

81 2846 171 2894 iunoni
182 2845 216 2896 ser
225 2847 269 2896 rite
278 2863 371 2913 preces,
382 2847 487 2916 iramque
496 2847 619 2912 minasque

82 2943 107 2975 r.
126 2929 172 2977 tio.
