1974 3772
362 234 490 285 nnsis
510 236 576 284 mn.
599 236 626 282 x.
717 210 724 229 ²
812 208 864 289 333

78 342 80 347 ’
164 330 196 380 At
206 329 323 380 Rutulum
333 331 441 379 abscessu
449 324 556 394 jutenis,
566 333 621 380 tum
628 329 690 395 jussa
700 335 802 398 superba

124 412 236 469 Miratus,
246 422 325 474 stupet
334 410 358 457 in
368 414 450 458 Turno
457 445 464 469 ‚
470 410 748 477 wtpusquetper·ingens

125 489 324 547 Lumina'tolvit,
334 489 432 553 obitque
442 490 502 538 truci
510 491 596 554 procul
605 484 685 539 omblu
693 482 748 540 nitu
755 509 770 550 ;ι

123 568 332 618 Tnlibusetdietis
342 569 361 616 it
370 568 521 621 conuudieta
529 553 652 634 tyronui':¹
843 568 847 575 '

121 650 174 718 JAut
183 648 264 712 spoliis
274 663 317 711 ego
327 645 375 711 jam
383 648 458 713 roptld
466 644 580 696 leudabot
589 649 675 713 opimis
682 668 698 708 ,⁴

122 727 174 778 'Aut
183 729 231 776 leto
241 726 326 791 insigni
337 744 343 774 :
352 726 408 775 sorti
417 738 484 791 pater
491 742 574 791 equus
583 713 678 792 utrique
687 739 721 777 est
732 747 739 776 ε
776 775 781 781 ,

123 807 191 855 Tolle
200 807 282 863 minos.
294 809 366 854 Fetus
376 806 482 854 medium
489 806 595 870 procedit
604 807 629 853 in
639 822 728 871 aequor.

125 884 234 950 Frigidus
244 885 374 933 Arcadibus
384 885 431 934 coit
440 885 466 934 iu
473 886 601 951 ptaecordia
611 887 711 951 sanguis.

123 965 224 1013 Desiluit
233 969 328 1012 Turnus
336 962 437 1029 bijugis;
447 965 519 1029 pedes
528 977 626 1029 apponat
635 965 669 1013 ire

123 1044 237 1093 Cominus
249 1061 254 1091 :
265 1055 339 1108 utque
348 1043 399 1103 leo,
410 1045 506 1108 speculi
515 1037 570 1093 obm
580 1043 640 1092 vidit
645 1044 680 1091 ab
690 1043 738 1093 altl

122 1125 188 1172 Stare
198 1123 281 1187 procul
290 1123 380 1186 campis
388 1123 542 1171 meditantem
551 1123 631 1187 praello
641 1112 746 1181 taurum,
790 1144 794 1159 ·

121 1202 227 1251 'Advolat
237 1219 243 1248 :
254 1199 319 1250 baud
330 1201 374 1249 alie
384 1213 418 1249 est
427 1202 503 1250 Turni
513 1193 628 1249 venientis
638 1194 721 1266 imago.
787 1234 791 1239 -

121 1285 194 1329 ulunc
204 1280 247 1328 nbi
254 1280 393 1344 contiguum
402 1281 478 1329 misses
487 1279 538 1330 sore
546 1279 646 1329 credidit
655 1277 741 1339 haste,

122 1365 160 1408 lre
169 1359 235 1424 prior
243 1349 331 1418 Palles,
343 1361 362 1408 si
371 1361 419 1424 qul
429 1359 477 1408 fons
487 1358 583 1424 adjuvet
592 1373 679 1408 ausum
704 1402 706 1407 .
765 1388 768 1393 ·
787 1384 801 1397 ·-

120 1438 220 1492 Viribus
231 1438 374 1503 impetibus;
385 1440 544 1504 magnumque
555 1441 587 1487 ita
597 1438 627 1486 nd
639 1435 797 1488 ethera-setar
808 1454 818 1486 :-

123 1520 167 1566 Per
176 1517 249 1581 putris
258 1514 401 1581 hospitium,
412 1530 435 1565 et
444 1530 536 1566 mensus
545 1533 604 1582 quas
614 1516 704 1565 advena
714 1517 794 1577 adisti,

122 1600 156 1645 Te
162 1611 261 1660 precor,
270 1595 365 1653 Alcide‚'
375 1587 458 1660 coeptis
468 1595 603 1660 ingentibus
613 1595 674 1643 adsis
684 1613 691 1643 t

122 1677 209 1725 Cernat
219 1674 329 1723 semineci
338 1673 383 1722 sibi
392 1665 432 1723 me
440 1691 522 1739 repete
531 1690 595 1722 armo
603 1685 713 1731 muente,
795 1687 801 1700 ·

122 1754 292 1818 victoremque
299 1752 507 1803 serontmorientie
517 1754 609 1802 lumina
614 1748 699 1800 fl't'irni.
756 1782 760 1789 ·
799 1785 802 1789 -

122 1832 208 1881 Audiit
216 1832 310 1880 Alcides
319 1830 442 1895 juvenem,
452 1846 612 1898 magnumque
622 1831 668 1879 sub
677 1832 726 1886 imo

122 1911 199 1959 Corde
208 1899 295 1975 pientit
304 1912 430 1977 gemitum,
439 1913 601 1979 lacrymasque
611 1904 714 1960 effundit·
720 1909 810 1974 innotus2

122 1991 185 2037 'sinn
195 1989 286 2055 genitor
295 2002 379 2040 uatum
385 1992 454 2042 dictis
464 1992 547 2041 affatur
556 1992 636 2045 amieis
647 2008 653 2038 z
756 2022 760 2030 ·

123 2069 173 2117 Stat
183 2085 225 2116 sua
235 2071 320 2134 euique
330 2071 391 2131 dies,
402 2073 474 2121 bteve
483 2085 507 2121 et
516 2071 769 2136 irreparabile-tempus

121 2148 241 2195 Omnibus
251 2160 286 2196 est
296 2151 362 2208 vitae3
372 2151 412 2198 sed
422 2148 510 2199 fumant
520 2151 642 2199 extendere
651 2150 731 2207 sactis,

122 2231 173 2274 Hoc
184 2226 277 2274 virtutis
286 2243 354 2290 opus.
362 2227 439 2290 Trojon
449 2229 495 2276 sub
504 2230 623 2276 moenibus
633 2227 687 2274 altis'
720 2260 724 2267 -

121 2308 168 2351 Tot
179 2304 227 2351 noti
236 2304 337 2352 cecidere
348 2306 425 2353 Deum
435 2323 441 2351 :
452 2307 512 2369 quin
521 2307 606 2354 occidit
615 2307 663 2352 unb
683 2324 686 2331 ·

122 2381 256 2445 Sarpedon,·
266 2398 318 2430 mes
327 2384 465 2449 progenies:
476 2384 547 2435 enam
556 2401 599 2434 sua
608 2389 718 2431 Turnum

123 2465 181 2509 Fata
192 2473 288 2520 vocant,
299 2475 419 2529 metusque
429 2464 478 2513 dati
486 2457 594 2528 pervenit
604 2463 634 2511 od
643 2462 695 2509 aevi
726 2468 730 2477 “

123 2540 160 2589 Sic
170 2541 215 2598 ait,
225 2553 296 2604 utque
306 2543 386 2592 oculos
395 2542 540 2593 Rutulorum
550 2542 624 2606 rejicit
634 2541 702 2589 ervis.
759 2547 771 2577 1-

163 2618 195 2667 At
205 2620 280 2668 Pallas
289 2622 380 2687 magnis
389 2623 478 2671 emittit
485 2621 687 2677 viribushastam,
700 2648 703 2653 ·

122 2700 261 2764 Voginitquo
271 2703 328 2748 cavi
337 2701 466 2764 fulgentem
475 2702 561 2766 detipit
570 2716 669 2749 ensem*
711 2722 716 2731 ·

124 2778 166 2825 llla
176 2780 270 2838 volans,
280 2776 373 2828 humeri
383 2793 482 2843 surgunt
491 2781 538 2844 quit
549 2780 765 2846 tegminusumtua,

123 2857 221 2918 Incidit,
232 2870 314 2932 atque?
324 2859 387 2907 vium
398 2858 475 2925 clypei
485 2859 567 2914 molito
576 2874 618 2926 per
628 2873 692 2918 orat,

124 2955 150 2988 v.
169 2938 232 3009 477.
