1974 3772
170 305 205 368 40
380 304 509 353 ruenti
529 303 699 355 tractam
727 332 733 343 .

208 406 270 455 Vere
280 398 340 450 sabis
349 403 425 452 estio:
436 405 488 450 tbm
497 413 520 450 te
529 419 637 467 quoque,
647 403 749 463 medies,
759 416 840 471 putres
866 399 870 405 ’

169 478 296 545 desipiunt
305 481 376 540 sulci,
385 493 409 530 et
416 482 482 530 milio
492 481 557 530 venit
567 498 645 530 annua
655 499 723 540 eura,

168 550 289 610 Candidus
299 560 386 609 auratis
395 561 469 626 aperit
479 562 534 609 edm
541 560 652 609 cornibus
662 574 751 610 annum

168 643 275 698 Taurus,
285 651 307 687 et
317 632 414 688 adierso
425 639 508 688 cedens
517 640 588 688 Canis
597 639 681 689 oceidit
691 652 761 689 astro

209 719 241 767 At
251 719 270 766 si
280 719 394 767 triticeam
404 719 429 767 in
438 734 537 767 messem
546 719 690 782 robustaque
699 720 760 768 farre

168 797 293 846 Exercebis
303 795 417 854 humum,
427 798 529 862 soiisque
538 795 636 846 instabis
646 796 734 859 aristis3

168 874 232 924 Ante
242 875 285 923 tibi
295 879 352 924 ane
361 874 491 930 Atlantides
501 875 686 933 abscondentur,

169 955 306 1017 Gnosiaque
317 954 418 1003 ardentis
428 954 524 1002 decedat
533 954 599 1014 stelle
609 957 721 1015 Coronae,

169 1033 254 1082 Debita
264 1034 337 1097 quim
346 1033 415 1081 sttlcis
424 1033 555 1082 committes
564 1034 665 1091 semina,
674 1035 794 1098 quemque

170 1112 253 1159 Invitae
262 1127 373 1177 properes
383 1113 439 1159 anui
449 1127 515 1176 spem
524 1111 617 1160 medere
626 1122 700 1160 terrm
714 1107 716 1110 ’

169 1190 240 1239 Multi
250 1202 303 1238 ante
313 1205 421 1239 oceasum
430 1191 497 1238 rtaiae
507 1192 611 1254 eoepere5
622 1190 663 1238 sed
672 1191 724 1238 illos

168 1272 307 1333 Exspectata
317 1285 381 1335 seges
390 1269 458 1317 vanis
468 1270 538 1316 elusit
547 1269 630 1316 aristis.

209 1348 234 1394 Si
244 1348 300 1394 verb
308 1348 438 1411 iniciamque
448 1363 509 1395 seres
518 1346 636 1409 vilernque
645 1347 758 1408 faselum,

170 1428 218 1474 Nec
227 1425 351 1474 Pelusiacae
361 1441 442 1472 curem
452 1424 605 1488 aspernabere
615 1424 684 1474 lentis
691 1443 701 1485 ;‘

170 1502 241 1551 Haud
250 1504 349 1552 obseura
358 1498 443 1552 cidens
452 1504 529 1553 mittet
537 1503 581 1551 tibi
591 1504 656 1568 sigma
665 1509 748 1553 Bootes
758 1522 765 1552 t

169 1583 262 1646 Incipe,
272 1582 335 1631 etad
345 1583 433 1632 medies
443 1593 570 1631 sementem
580 1582 678 1637 extende
686 1583 790 1648 pruinas

210 1660 299 1709 Idcirco
308 1661 376 1709 certis
386 1661 520 1710 &mensum
528 1662 635 1726 partibus
644 1662 727 1710 orbem

168 1741 213 1787 Per
225 1739 334 1788 duodena
345 1740 403 1806 regit
411 1739 495 1788 mundi
505 1740 540 1789 sol
550 1755 634 1789 aureus
644 1751 712 1790 astra.

171 1818 284 1881 Quinque
295 1831 375 1867 tenent
384 1819 472 1867 ooelum
480 1834 558 1878 zonae3
567 1833 830 1884 quarumunsoorusoa
864 1857 868 1864 .

169 1896 267 1960 Semper
275 1897 324 1944 sole
333 1896 435 1956 rubeus,
445 1909 468 1945 et
477 1897 565 1946 torrida
574 1913 666 1961 semper
675 1897 706 1945 ab
716 1897 764 1961 igni
775 1915 781 1944 :

171 1966 251 2036 Quam
261 1974 349 2022 circium
358 1986 466 2023 extremae
476 1975 556 2024 dextri
565 1970 671 2040 laevaque
680 1973 808 2025 uehuntur

168 2053 275 2101 Caerulea
284 2053 355 2118 glacie
365 2048 556 2120 concretumque
566 2055 681 2104 imbribus
691 2055 746 2104 auis
757 2072 770 2103 τ

170 2133 217 2178 Has
228 2131 287 2179 inter
297 2132 459 2197 mediamque,
468 2133 522 2182 due
531 2133 670 2182 mortalibus
680 2133 746 2199 aegris

169 2212 268 2258 Munere
278 2226 390 2260 coneessae
401 2212 502 2270 Divum,
513 2224 537 2261 et
545 2213 584 2261 ris
594 2223 654 2262 seete
663 2229 706 2277 per
715 2211 807 2274 ambas,

169 2288 288 2352 Obliquus
299 2292 346 2353 qui
355 2307 379 2338 se
389 2291 510 2356 signorum
519 2302 618 2347 verteret
626 2290 691 2340 ordo.

169 2367 274 2416 Mundus
284 2380 312 2416 ut
321 2369 351 2417 ad
361 2367 493 2434 Scythiam,
503 2368 659 2436 Riphaeaque
670 2369 756 2419 mous
767 2383 829 2418 arces

168 2446 308 2511 Consurgit,
318 2448 432 2511 premitur
442 2449 523 2514 Libyae
533 2449 636 2498 devexus
648 2449 674 2496 in
683 2448 788 2498 Austros

170 2525 213 2572 Hie
224 2537 303 2572 vertex
313 2525 381 2573 nobis
390 2542 482 2591 semper
490 2527 597 2576 sublimis
605 2544 611 2588 ;
620 2538 644 2575 at
653 2527 722 2584 illum

169 2603 219 2651 Sub
231 2603 331 2668 pedibus
340 2606 398 2670 Styx
408 2618 457 2653 stra
467 2606 543 2664 videt,
554 2610 681 2671 Manesque
688 2604 809 2671 profundi.

91 2674 100 2680 ’
168 2681 285 2730 Maximus
298 2681 337 2731 hic
347 2683 411 2732 sseau
420 2685 516 2733 sinuoso
525 2684 626 2733 elabitur
635 2685 726 2750 Anguis

167 2757 276 2820 circam,
286 2777 375 2826 perque
385 2762 444 2810 duas
454 2763 479 2811 in
488 2766 579 2811 morem
588 2762 694 2812 fluminis
704 2763 800 2822 Arctos,

167 2837 252 2885 'Arctos
261 2841 349 2887 Oceani
358 2853 488 2889 metuentes
498 2834 592 2906 equore
600 2841 667 2906 tingi

169 2915 231 2973 lilio,
241 2927 269 2963 ut
278 2917 416 2982 perbibent,
426 2930 468 2969 aut
475 2919 613 2987 intempesta
623 2916 675 2969 silet
684 2935 731 2969 nox

169 3012 194 3046 v.
213 2998 245 3058 ai
252 3013 276 3062 7.

55 3428 187 3544 Ei}
210 3522 222 3543 ,,
