1974 3772
286 210 412 259 AENEIS.
433 213 500 258 LIB.
522 214 584 263 v11.
755 209 804 263 253

66 313 125 362 Sede
133 310 227 368 sedens,
237 314 339 359 Teucros
349 310 378 358 ad
388 326 436 358 sese
447 311 472 358 in
481 322 540 359 tacta
550 309 656 371 vocavit;

66 393 145 456 Atque
156 388 205 438 haec
215 390 322 454 ingressis
329 389 422 454 placido
432 391 495 454 prior
506 388 580 438 edidit
589 405 629 438 ore
640 406 646 436 ι

66 471 154 526 Dicite,
164 468 303 517 Dardanidas
315 469 405 532 (neque
416 469 479 516 enim
487 469 603 517 nescimus
613 479 636 516 et
646 467 730 517 urbem

65 553 97 598 Et
106 565 192 614 genus,
203 548 323 612 auditique
332 547 451 596 advertitis
461 563 554 612 aequore
564 547 688 611 cursum),
729 576 737 600 .

67 628 133 691 Quid
142 623 238 691 petitis?
248 642 303 691 qum
312 643 381 674 causa
391 639 464 685 rates,
474 639 516 675 aut
524 624 592 690 cujus
603 638 697 690 egentes

66 707 143 754 Littus
153 706 183 754 ad
193 705 326 754 Ausonium
336 718 371 754 tot
378 723 421 771 per
430 706 490 754 vada
499 707 584 754 ooerula
594 698 685 756 vexit?⁴
770 770 773 774 Α

65 787 119 836 Sive
130 801 206 832 errore
216 772 273 844 viae,
283 801 326 834 seu
335 785 512 850 tempestatibus
521 787 566 833 acti

65 864 168 929 (Qualia
177 865 252 912 multa
262 865 321 912 mari
331 877 408 912 nautae
417 865 542 928 patiuntur
552 864 577 912 in
587 854 665 927 slto'),

65 944 182 992 Fluminis
192 943 293 992 inutstis
303 945 378 1008 ripas,
388 956 506 1010 portuque
516 943 600 993 sedetis
611 962 617 991 ε

65 1026 100 1072 Ne
109 1020 181 1086 fugite
191 1019 335 1087 hospitium3
345 1040 405 1072 neve
414 1024 518 1088 ignorate
529 1022 625 1071 Latinos

65 1101 159 1150 Saturni
169 1114 275 1166 gentem,
285 1099 351 1149 haud
360 1102 438 1150 vinclo
448 1118 490 1149 nec
499 1101 590 1166 legibus
600 1092 706 1164 squam,

64 1181 153 1245 Sponte
163 1182 218 1238 sui,
228 1180 359 1244 veterisque
369 1180 413 1229 Dei
423 1197 447 1229 se
456 1197 521 1228 more
531 1191 656 1228 tenentem.

65 1259 144 1323 Atque
153 1258 262 1323 equidem
271 1259 383 1323 memini(
392 1260 454 1307 fama
464 1271 499 1307 est
507 1259 630 1308 obscurior
642 1256 726 1324 annis)

65 1339 190 1386 Auruncos
200 1339 232 1386 ita
242 1337 301 1387 serre
310 1355 389 1399 senes;
400 1337 437 1388 his
447 1351 512 1387 ortus
521 1350 549 1388 ut
559 1340 620 1404 agris

58 1417 189 1466 'Dardanus
198 1417 271 1466 Idaeas
280 1415 389 1483 Phrygias
397 1418 525 1483 penetriirit
533 1418 564 1466 ad
573 1417 656 1474 urbes,
719 1435 722 1440 ·
760 1472 766 1483 ·
836 1476 854 1488 ,

64 1495 243 1561 Threiciamque
253 1499 362 1556 Samum,
372 1513 426 1560 quse
434 1513 498 1545 nunc
508 1494 666 1545 Samothracia
676 1482 772 1548 sartur'
862 1486 865 1492 ,

58 1577 126 1642 jiinc
135 1576 204 1624 illum
211 1573 311 1641 Corythi
319 1572 444 1642 Tyrrhend
453 1577 484 1625 ab
493 1576 548 1627 sede
557 1573 690 1642 proiectum

65 1655 218 1704 Aureanunc
227 1655 286 1703 solio
295 1654 408 1707 stellantis
417 1653 541 1719 regiacoeli
715 1671 717 1677 ·

65 1733 169 1798 Accipit,
180 1745 203 1782 et
212 1750 339 1783 numerum
349 1734 464 1788 Diuorum
472 1730 584 1782 altaribus
594 1745 670 1798 auget

104 1813 212 1871 Dixerat;
223 1825 247 1861 et
256 1812 317 1861 dicta
327 1813 429 1862 Ilioneus
438 1814 470 1862 sic
480 1829 537 1861 voce
547 1825 639 1863 secutus
650 1831 656 1861 :

65 1897 128 1950 Rex,
139 1907 212 1957 genus
222 1892 340 1958 egregium
351 1893 439 1951 Fauni,
449 1903 492 1940 nec
502 1891 614 1940 fluctibus
624 1903 686 1941 actos

64 1971 123 2019 Atra
131 1971 225 2036 subegit
233 1969 309 2026 hiems
319 1973 400 2021 vestris
410 1971 531 2020 succedere
541 1972 620 2030 terris3

64 2053 112 2099 Noc
121 2049 186 2099 sidus
196 2051 289 2116 regione
298 2052 343 2105 {viae
351 2053 447 2101 littusve
456 2049 547 2100 fefellit.

64 2127 240 2179 Consiliohanc
250 2146 331 2179 omnes
339 2131 469 2195 animisque
478 2128 613 2179 volentibus
621 2129 708 2184 urbem

64 2207 206 2266 Afferimur,
218 2208 281 2274 pulsi
291 2209 380 2274 regnis,
391 2224 444 2272 quaa
455 2208 556 2256 maxima
566 2208 687 2271 quondam

63 2291 176 2337 Extremo
186 2288 283 2335 venum
293 2287 328 2335 sol
338 2287 463 2351 aspiciebat
473 2286 584 2353 Olympo.

65 2367 104 2415 Ab
113 2370 175 2415 Jove
183 2365 327 2431 principium
337 2366 440 2432 generis3
450 2370 509 2414 Jove
519 2362 627 2412 Dardana
636 2365 714 2429 pubes

65 2443 161 2496 Gtudet
171 2460 215 2496 tvo
226 2463 232 2492 ε
244 2448 295 2493 Rex
303 2445 365 2510 ipse,
373 2445 440 2494 Jovis
449 2444 478 2494 de
487 2455 555 2510 gente
564 2444 687 2510 supremi,

64 2527 151 2573 Troius
160 2527 246 2572 AEneas
253 2536 294 2572 tua
306 2540 349 2574 nos
358 2525 388 2573 ad
397 2524 479 2573 limina
488 2523 560 2572 misit.-

67 2607 163 2667 Quanta
173 2618 216 2667 per
225 2602 299 2653 Idaeos
309 2604 376 2652 saevis
385 2603 458 2653 effirsa
466 2601 573 2669 Mycenis

64 2686 200 2746 Tempestas
210 2682 262 2730 ierit
271 2699 378 2748 campos,
388 2681 476 2746 quibus
486 2694 551 2731 actus
559 2693 659 2746 uterquc

66 2765 168 2826 Europe
178 2771 248 2825 atque
258 2760 320 2810 Asiae
330 2757 383 2814 satis
391 2761 535 2817 concurrerit
544 2759 621 2819 orbis,

13 2878 17 2884 .
40 2877 45 2884 .
65 2839 161 2903 Audiit,
171 2840 223 2889 etsi
233 2855 306 2905 quem
315 2841 384 2891 tellus
394 2837 583 2890 extremarefuso
682 2840 684 2846 ’

66 2937 92 2970 r.
106 2918 170 2972 225.
644 2929 679 2968 as
