1974 3772
349 243 476 292 euers.
498 245 564 292 ern.
587 247 631 292 xr.
808 238 859 297 '351

125 346 183 397 Orsa
191 341 261 390 refert
272 359 277 389 :
289 344 311 390 Ο
321 337 383 390 fami
392 344 487 407 ingens,
497 342 613 408 ingentior
623 344 706 402 armis,

125 424 169 474 vir
177 420 290 485 trojane,
300 421 388 485 quibus
398 422 458 470 ooelo
467 434 490 470 te
497 422 610 484 laudibus
620 421 729 486 ecquem?
796 486 798 490 ὗ

124 501 255 552 lustitiaene
264 500 331 565 prius
340 500 423 560 mirer,
433 501 521 550 belline
529 500 658 550 laborum?

125 585 172 629 Noe
182 581 238 627 vero
248 577 297 627 haec
307 579 407 644 patriam
417 579 476 644 grati
485 578 611 630 reseremus
621 581 651 630 ad
660 581 744 630 urbem
752 619 758 641 ‚

124 664 155 708 Et
165 672 200 717 te,
210 659 287 722 siqua
297 659 361 706 viam
370 658 459 708 dederit
469 659 573 717 fortuna,
584 660 667 708 Latino

124 743 255 802 Jungemue
264 737 312 803 regi
323 755 328 785 :
339 751 428 802 quaerat
437 737 483 789 sibi
495 735 584 786 foedera
593 742 695 790 turnus.

125 818 191 880 Quin
201 828 225 865 et
234 816 314 866 fatales
323 832 446 866 murorum
456 818 561 866 attollere
570 818 656 876 moles,

123 898 229 959 Saxaque
239 895 375 945 subvectare
383 893 488 946 humeris
496 894 598 960 trojana
607 895 706 960 juvabit.

125 975 218 1023 Dixerat
227 971 291 1033 huc,
300 990 397 1040 unoque
406 991 488 1025 omnee
498 976 580 1025 eadem
589 993 629 1025 ore
639 973 777 1025 fremebant

124 1053 162 1102 Bis
171 1069 239 1102 senos
248 1055 357 1119 pepigere
367 1054 430 1112 dieo3
441 1066 464 1103 et
473 1070 530 1120 pace
539 1058 658 1119 eequeatra

122 1138 166 1181 Per
177 1132 246 1181 silvas
255 1133 352 1191 Teucri,
361 1133 476 1196 mixtique
486 1134 584 1197 impune
595 1133 684 1190 latini,

124 1213 236 1260 Erravere
246 1209 313 1276 jugia.
325 1213 397 1259 Ferro
406 1212 475 1260 tonat
483 1211 528 1260 icta
538 1210 637 1276 bipenni

124 1291 252 1350 Fraxinum
262 1301 372 1338 everttmt
381 1301 443 1338 actae
453 1289 482 1338 ad
490 1290 565 1339 sidera
574 1291 659 1354 pinut3

123 1370 218 1420 Robora
228 1386 271 1418 nee
280 1368 360 1418 cuneis
369 1381 393 1419 et
402 1369 505 1426 olentem
514 1370 618 1418 scindere
626 1369 735 1429 cedrum,

123 1453 170 1498 Nec
179 1448 291 1514 plaustris
299 1460 388 1498 cessant
398 1461 489 1497 rectore
499 1448 646 1514 gementibus
654 1458 731 1497 ornet.

162 1531 193 1575 Et
202 1525 250 1590 jam
258 1519 321 1576 lama
331 1527 423 1584 volans,
433 1527 492 1575 tanti
500 1529 633 1591 praenuntia
641 1527 734 1584 luctilt,

121 1606 261 1654 Evandrum
271 1606 422 1669 Evandrique
430 1605 514 1654 domur
523 1617 547 1653 et
555 1605 643 1665 moenia
653 1605 767 1672 complet,

124 1689 184 1748 Quat
193 1684 265 1733 modd
275 1685 387 1733 victorem
397 1685 465 1733 Latio
475 1684 579 1733 Pallanta
589 1682 684 1734 screbat.

122 1763 224 1812 Arcades
234 1763 264 1812 ad
271 1775 351 1828 portes
360 1765 440 1821 mere,
451 1775 474 1812 ct
483 1763 512 1812 de
522 1778 588 1812 more
597 1775 690 1812 vetusto

122 1844 240 1890 Funereas
250 1843 348 1907 raperem
359 1839 419 1891 faces
429 1860 435 1889 r
445 1843 509 1892 lucet
517 1843 555 1891 via
565 1843 636 1908 longo
662 1888 669 1893 ,.

122 1921 211 1970 Ordine
221 1919 383 1982 flammanrm,
393 1934 416 1970 et
424 1922 471 1971 late
480 1922 624 1972 discriminet
634 1936 707 1987 agros.
801 1910 808 1916 ¹

122 2002 209 2049 Conui
220 1999 289 2050 turba
299 1999 421 2066 Phrygum
431 2002 527 2051 venient
536 2001 671 2067 plangentia
680 1998 783 2067 jungunt

122 2077 230 2144 Agmina.
243 2082 303 2143 Quae
311 2082 439 2153 postquem
447 2093 534 2138 matres
543 2081 665 2130 succedere
675 2080 741 2128 tertie

121 2158 240 2209 Viderunt
245 2195 252 2223 7
262 2171 370 2207 moratam
380 2159 511 2209 incendunt
518 2159 661 2208 clamoribus
670 2157 761 2206 urbem.

82 2238 85 2243 ’
122 2235 155 2284 Ae
165 2247 213 2285 no'n
224 2236 361 2286 Evandmm
370 2238 477 2300 potiseat
487 2238 582 2285 visulla
592 2249 684 2295 tenere;

70 2363 72 2368 .
121 2315 167 2365 Sed
177 2315 242 2362 venit
255 2315 281 2362 in
290 2315 380 2364 medios
391 2333 397 2362 :
408 2314 492 2363 feretro
501 2315 607 2363 Pallanta
615 2325 709 2377 reposto

122 2394 258 2442 Procumbit
268 2408 349 2458 super,
359 2405 429 2459 atque
439 2391 512 2442 lraeret
521 2395 700 2459 lacrymansque
709 2406 869 2458 gemensque>

122 2478 152 2522 Et
163 2473 201 2521 via
212 2473 251 2521 vix
261 2473 357 2522 tandem
366 2475 418 2522 voci
428 2475 504 2522 laxata
514 2473 595 2521 dolore
604 2484 639 2520 est
650 2489 655 2518 :

122 2555 175 2600 Non
185 2550 248 2611 ltaec,
258 2555 273 2600 ὁ
282 2554 359 2611 Palla,
370 2553 466 2601 dederru
475 2552 589 2619 promisca
598 2549 703 2617 parenti,

121 2633 220 2680 Cautius
230 2643 258 2680 ut
266 2648 329 2680 servo
338 2633 410 2681 velles
419 2643 442 2680 te
452 2633 544 2681 credere
554 2631 634 2679 Marti!

122 2710 192 2758 Haud
202 2711 296 2775 ignarus
306 2727 369 2759 eram
379 2714 497 2776 quantum
504 2728 566 2759 nova
576 2710 648 2776 gloria
657 2709 773 2766 inarmis,

122 2792 153 2837 Et
162 2789 278 2853 praedulce
288 2790 359 2838 decue
368 2784 446 2854 primo
456 2790 581 2839 certamine
591 2801 676 2854 posset.

122 2868 232 2916 Primitiae
241 2866 335 2932 juvenis
344 2871 446 2927 mirere,
456 2869 559 2934 bellique
569 2867 698 2934 propinqui

123 2965 148 2998 v.
170 2945 230 2998 156.
