1974 3772
180 247 229 297 138
388 245 517 294 PUBLII
538 246 710 326 vinclum
724 264 734 270 ”

175 351 228 395 Jarn
239 344 343 411 gravior,
353 342 428 392 Pelias
438 355 462 400 et
470 345 568 391 vulnero
581 345 662 393 tardus
672 343 773 410 Ulyteei

215 424 324 472 Protinus
335 423 365 472 ad
374 424 439 471 sedes
449 422 535 470 Priami
545 423 645 471 clamore
655 425 739 475 vocati.
808 425 814 433 '

176 504 220 551 Hic
230 505 286 551 veri>
296 503 414 568 ingentem
424 517 542 566 pugnam,
552 518 595 550 ceu
605 514 680 552 cetera
690 507 810 567 nusqulam
884 521 889 532 ‘

175 570 239 631 uella
249 582 337 641 forent,
348 582 409 629 nulli
419 584 468 629 total
477 593 623 630 morerentur
634 582 658 630 iu
668 582 729 632 urbe
739 601 745 629 :

175 663 213 711 Sic
224 653 323 709 Martem
332 661 488 719 indomitum,
498 665 638 726 Danaosque
648 661 678 709 ad
688 673 748 718 tecta
758 676 856 712 ruentes

175 741 312 797 Cernimus,
324 740 493 804 obsessumque
503 741 553 789 acta
562 740 679 789 testudine
687 741 768 790 limen.

176 823 272 868 Harena
281 819 411 884 parietibus
420 818 500 879 scala,
509 831 634 884 postesque
645 821 690 868 sub
700 820 764 885 ipsos

176 900 290 947 Nituntur
298 898 422 963 gradibus,
432 898 574 964 clypeosque
584 898 614 946 ad
625 899 669 947 tela
680 899 779 948 sinistris

176 979 275 1027 Protecti
286 976 414 1041 objiciunt3
425 989 536 1043 prensant
545 977 636 1043 fastigia
646 978 740 1030 dextris,

176 1057 316 1105 Dardanidae
326 1059 407 1105 contra
417 1068 492 1105 turres
503 1074 529 1104 ao
538 1069 598 1105 tecta
607 1056 732 1105 domorum

174 1137 285 1187 Culmina
296 1137 433 1185 convellunt
444 1154 449 1183 :
460 1135 497 1184 his
507 1153 544 1196 se,
552 1136 649 1200 quaudo
659 1128 743 1185 ultima
751 1149 866 1192 cernunt,

176 1219 286 1265 Extrema
294 1215 341 1280 jam
351 1217 374 1265 in
385 1229 460 1264 morae
469 1228 553 1279 parant
563 1214 686 1264 defendere
698 1216 761 1264 telis:

175 1296 323 1358 Auratasque
334 1296 424 1352 trabes,
433 1308 540 1343 veterum
549 1295 632 1342 decora
643 1295 688 1342 alta
698 1307 839 1360 parentum,

176 1373 313 1422 Devolrunt
323 1393 329 1421 z
341 1373 380 1421 alii
390 1373 474 1422 strictis
484 1375 638 1423 mucronibus
648 1373 711 1427 imas¹

175 1453 293 1501 Obsedere
304 1452 378 1513 sores3
388 1449 431 1500 has
441 1465 534 1501 servant
544 1453 635 1518 agmine
647 1453 726 1501 denso.

215 1532 340 1580 Instaurati
351 1532 423 1580 animi
433 1532 493 1596 regis
502 1547 635 1581 succurrere
643 1532 719 1591 tectis,

176 1611 318 1675 'Auxilioque
327 1612 405 1660 levare
416 1612 490 1670 viros,
500 1612 595 1676 vimque
606 1611 690 1660 addere
701 1611 775 1665 viaria

177 1692 259 1755 Limen
270 1703 331 1751 erat,
341 1707 453 1756 caecaeque
464 1691 537 1750 sores,
547 1704 571 1739 et
579 1692 675 1755 pervius
685 1708 744 1739 rasus

175 1775 302 1819 Tectorum
311 1771 372 1818 inter
382 1787 406 1819 se
417 1770 513 1829 Priami,
524 1782 649 1835 postesque
658 1756 740 1818 relicti

176 1850 197 1896 Α
207 1861 285 1914 tergo,
295 1849 376 1897 infelix
386 1851 433 1913 qua
442 1867 479 1908 se,
490 1851 626 1914 dirmregna
636 1849 775 1907 manebant,

175 1928 265 1990 Saepius
275 1919 440 1975 Andromache
450 1928 509 1976 serre
519 1930 652 1977 incomitata
663 1928 753 1977 solebat

177 2006 214 2053 Ad
224 2022 327 2064 soceros„
338 2019 361 2054 et
371 2023 415 2055 avo
425 2023 528 2071 puerum
537 2008 679 2074 Astyanacta
692 2005 807 2057 emebat

176 2084 257 2132 Evado
268 2084 297 2132 ad
308 2086 394 2134 summi
403 2086 493 2151 fastigia
504 2087 626 2147 culminis,
635 2080 700 2135 undis

174 2164 231 2212 Tela
241 2181 315 2213 manu
324 2165 402 2214 miseri
412 2163 531 2230 jactabant
540 2167 604 2215 irrita
612 2165 704 2214 Teucri.

174 2244 271 2291 Turrim
279 2245 303 2292 in
313 2244 428 2310 precipiti
437 2256 549 2304 stantem,
560 2246 705 2309 summisque
715 2244 762 2293 sul)
772 2256 832 2292 astra

176 2321 292 2372 Eductam
302 2325 379 2382 tectis,
390 2325 454 2374 unde
465 2326 540 2373 omnis
549 2323 620 2388 Troia
630 2324 717 2381 videri,

176 2404 206 2448 Et
217 2404 326 2450 Danaum
333 2403 409 2453 solitu
417 2418 501 2463 nares,
509 2417 532 2453 et
540 2402 641 2452 Achaica
651 2415 738 2461 castra,

173 2480 283 2544 'Aggressi
293 2481 354 2528 ferro
363 2482 464 2541 circum,
474 2487 521 2547 qul
531 2499 623 2531 summa
632 2483 737 2532 labantes

174 2563 301 2608 Juncturas
311 2560 416 2610 tabulata
426 2562 525 2621 dabant,
535 2563 689 2611 convellimus
700 2561 752 2610 altis
845 2568 872 2587 ⁶

174 2637 288 2698 Sedibus,
297 2639 489 2705 impulimnsque.
501 2647 534 2690 Ea
543 2642 608 2707 lapsa
618 2645 713 2706 repente
722 2641 818 2690 urinam

175 2721 237 2765 Cum
247 2719 326 2768 sonitu
336 2717 420 2778 trahit,
430 2732 454 2769 et
464 2725 572 2769 Danaum
582 2737 653 2787 super
662 2721 756 2788 agmina
765 2719 812 2769 late

175 2796 260 2844 Incidit
271 2815 277 2844 ε
289 2810 324 2846 ast
333 2798 372 2847 alii
382 2800 497 2858 subeunt,
508 2818 551 2850 nee
561 2818 627 2861 saxa,
638 2817 680 2850 nec
690 2800 769 2851 ullum

174 2873 287 2932 'selorum
296 2878 383 2928 interea
393 2890 465 2930 ouant
473 2895 554 2944 genus.

175 2971 201 3006 v.
220 2955 284 3018 468.

66 3330 73 3343 ι
97 3340 100 3345 Ι
195 3326 199 3335 =

114 3364 123 3373 ,,
203 3364 219 3381 <¹
320 3359 330 3367 a

186 3386 196 3403 k

200 3428 230 3451 Ἣ.
247 3438 253 3449 ι

227 3522 246 3535 “““
308 3538 313 3551 t
