1974 3772
350 209 477 257 euris.
498 210 565 258 tra.
586 211 632 258 rx.
809 199 861 261 aar
929 183 933 189 ’

124 304 220 356 Mandet
229 300 304 353 humo
314 304 395 366 solita
406 316 459 365 aut}
469 305 489 354 si
498 322 547 371 qua
556 305 581 354 id
590 307 685 355 lartum
694 305 782 356 vetabit
788 314 809 368 ,''

124 385 224 433 Absenti
232 382 292 432 serat
300 383 408 444 inferias,
417 385 555 451 decoretque
565 385 680 450 sepulcro.
738 413 741 419 ·

124 468 176 512 Neu
185 464 254 512 matri
264 463 352 512 miserae
362 463 421 511 tanti
432 465 477 513 sim
485 481 553 513 causa
563 464 664 525 doloris;

62 554 65 560 ·
125 547 186 606 Quae
195 554 218 591 te
228 543 289 601 sola,
299 558 372 607 puer,
381 542 462 591 multis
472 543 607 592 &matribus
618 560 686 602 ausa,

124 621 286 685 Prosequitur,
295 621 374 685 magni
384 637 427 670 nee
435 622 522 670 moenia
532 633 598 674 auat
607 622 704 672 Acestae.
737 638 739 647 ¹
831 621 833 624 ’

164 701 205 748 Ille
215 712 294 748 antem
305 718 311 746 ι
321 703 408 748 Causas
419 701 577 765 nequicquam
586 701 657 751 nectis
668 702 761 762 inanes,
825 732 829 739 -

123 783 171 828 Nec
180 795 232 826 mea
241 776 290 842 jam
298 790 389 828 mutata
399 780 451 828 loco
461 780 575 829 sententie
585 780 652 843 cedit.

123 858 297 916 Acceleremns,
307 858 346 905 ait.
356 858 445 924 Vigiles
455 858 526 906 simul
535 858 619 908 excitat
629 877 635 906 :
646 859 681 908 illi

121 936 268 994 Succedunt,
277 948 418 1001 servantque
428 938 489 986 vices
500 956 506 985 ι
517 939 615 987 statione
624 938 716 995 relicta,
771 961 773 969 ¹

123 1021 175 1080 lpse
185 1031 261 1064 comes
270 1015 326 1063 Niso
336 1015 454 1081 graditur,
463 1019 598 1081 Regenque
607 1018 738 1082 requirunt.

121 1096 203 1143 Cetera
213 1109 256 1158 per
266 1107 338 1142 terras
348 1110 429 1142 omnes
439 1095 548 1142 animalia
557 1111 640 1143 somno

122 1172 243 1220 Laxabont
253 1189 333 1230 eruas,
344 1183 367 1221 et
376 1172 446 1220 eorde
456 1173 529 1221 oblita
538 1172 648 1221 laborum
659 1191 665 1220 :

123 1255 236 1298 Ductores
245 1252 363 1300 Teucrtlm
370 1251 454 1315 primi,
464 1263 489 1299 et
497 1251 585 1300 delecta
595 1250 719 1314 juventus,

122 1329 254 1378 Consilium
263 1329 360 1377 summis
369 1331 435 1395 regni
445 1330 474 1378 de
483 1329 553 1380 rehus
561 1327 694 1387 habebant,

124 1408 189 1471 Quid
198 1408 312 1466 facerent,
321 1408 405 1473 quisve
412 1409 490 1457 AEnesste
501 1407 548 1472 jam
559 1410 659 1458 nuncius
669 1421 735 1458 esset.

122 1488 189 1537 Stant
198 1486 273 1552 longis
283 1487 362 1536 adnixi
372 1486 456 1544 hastis,
466 1500 489 1536 et
499 1498 563 1535 scuta
573 1498 691 1546 tenentes,

121 1568 259 1614 Castrorum
268 1577 291 1614 et
300 1566 376 1629 campi
386 1566 471 1614 medio.
480 1567 544 1614 Tlrm
553 1567 622 1615 Nisus
632 1578 655 1615 et
664 1569 712 1616 uni

122 1645 240 1710 Euryalus
249 1643 372 1693 confestim
381 1646 467 1693 alacres
477 1645 593 1694 admittier
603 1656 684 1704 orant3

122 1725 182 1771 Rem
192 1734 314 1788 magnam,
323 1723 473 1789 pretiumque
480 1739 552 1772 morae
562 1723 617 1772 fore.
629 1723 723 1773 Primus
732 1725 798 1775 ltilus

122 1801 219 1867 Accepit
229 1802 345 1866 trepidos,
355 1819 382 1851 ae
392 1803 475 1851 Nisum
485 1803 560 1852 dicere
570 1801 645 1867 jussit.

82 1910 85 1915 -
160 1884 224 1929 Tlun
233 1881 266 1930 sic
276 1881 413 1947 Hyrtacides
424 1901 430 1929 :
441 1882 540 1941 Audite,
551 1881 695 1931 dmentibus
705 1885 781 1948 eequis

121 1959 244 2019 AEnerdae3
255 1977 314 2009 nere
324 1958 374 2009 haec
384 1962 468 2010 nostris
477 1972 612 2027 spectentur
621 1961 652 2010 ab
662 1963 731 2012 annis

123 2043 183 2102 Quae
192 2038 294 2089 serimus.
305 2041 389 2090 Rutuli
398 2057 481 2090 somno
490 2042 596 2106 vinoque
606 2041 693 2106 sepulti

121 2118 260 2168 Conticuere
269 2138 275 2167 ε
284 2119 365 2171 locum
374 2120 464 2168 insidiis
473 2120 637 2186 conspeximus
647 2120 704 2184 ipsi,

123 2198 172 2260 Qui
181 2210 247 2262 patet
256 2199 280 2245 in
289 2198 355 2247 bivio
365 2210 452 2264 portae,
460 2215 515 2262 quse
522 2198 630 2262 proxima
639 2210 713 2261 ponto
724 2209 765 2246 est

121 2277 250 2341 Interrupti
260 2278 337 2340 ignes,
350 2282 445 2340 aterque
456 2276 569 2325 adsidere
579 2276 660 2332 fumus

121 2355 232 2420 Erigitur.
243 2355 267 2404 Si
277 2354 371 2402 fortuna
380 2354 513 2419 permittitis
521 2355 570 2414 uti,

122 2435 256 2496 Quaesitum
266 2436 354 2482 AEnean
364 2433 395 2483 ad
401 2435 489 2482 moenia
499 2435 617 2483 Pallantea

121 2515 177 2560 Mox
186 2510 225 2560 hic
235 2530 290 2562 cum
300 2513 393 2578 spoliis,
403 2513 492 2579 ingenti
501 2513 564 2562 caede
572 2512 678 2577 peracta,
743 2564 746 2569 ,

122 2591 200 2638 Affore
211 2593 316 2642 cernetis.
324 2595 374 2651 Nee
383 2609 427 2641 nos
439 2594 478 2640 via
487 2593 548 2641 fallit
557 2603 638 2640 euntes
647 2608 653 2638 ε

120 2670 230 2722 ¹Vidimus
240 2671 346 2720 obscuris
355 2671 457 2737 primam
466 2671 512 2720 sub
521 2671 623 2719 vallibus
634 2668 720 2717 urbem

121 2751 216 2800 Venatu
226 2751 331 2808 assiduo,
342 2761 366 2799 et
375 2763 454 2800 totum
461 2750 616 2815 cognovimus
626 2763 727 2798 amnem·
780 2750 784 2757 '

161 2829 206 2876 Hic
216 2829 283 2878 annis
292 2829 369 2896 gravis
379 2841 450 2896 atque
460 2830 532 2878 animi
542 2840 648 2878 maturus
658 2823 755 2877 Alethet
765 2841 772 2873 t

123 2925 146 2958 r.
166 2909 226 2971 246.
678 2908 713 2958 ἀΰ
