1974 3772
360 245 487 295 AENEIS.
509 247 576 292 LIB.
597 247 627 294 v.
811 245 860 294 213

162 343 268 396 Nuntius
278 341 390 394 Anchisa*
397 345 427 393 ad
436 346 559 393 tumulum
567 359 701 408 cuneosque
709 341 794 393 theatri

122 431 232 476 Incensus
242 423 329 489 perfert
338 441 409 473 naves
419 425 547 485 Eumelus;
559 436 582 472 et
591 424 635 488 ipsi
662 438 670 448 ¹·

122 505 261 571 Respiciunt
270 516 345 552 atram
353 504 379 551 in
388 502 471 552 nimbo
480 503 578 551 volitare
588 500 699 551 favillam.

122 585 215 634 Primus
226 596 249 632 et
259 583 386 641 Ascanius,
395 584 478 630 cursn's
488 595 517 632 ut
524 583 592 633 laetus
602 595 721 646 equestres
734 604 738 610 =
832 635 834 639 ¹

122 664 242 720 Ducebat,
253 663 286 727 sic
296 679 350 710 acer
357 678 419 727 equo
429 661 523 710 turbata
532 659 617 726 petivit

121 747 216 802 Castra;
226 758 269 790 nec
279 741 508 804 exanimespossunt
514 740 613 788 retinere
623 738 733 805 magistri.

124 823 184 888 Quis
194 820 261 869 furor
271 821 313 869 iste
323 817 417 868 novus?
428 821 477 883 qud
486 836 563 878 nunc,
572 820 621 884 qud
631 818 739 876 tenditis,
750 819 841 884 inquit,

122 906 189 960 Heu,
199 901 290 949 miseret
299 899 375 947 cives!
386 915 435 947 non
445 897 549 956 hostem,
557 898 700 962 inimicaque
710 909 785 947 castra

122 980 252 1047 Argivum,
262 990 350 1027 vestras
359 994 412 1043 spes
421 979 495 1026 uritis.
504 979 543 1025 En
553 994 596 1043 ego
605 988 682 1025 vester

124 1060 243 1108 Ascanius.
253 1059 352 1108 Galeam
362 1069 416 1106 ante
425 1057 496 1121 pedes
505 1055 604 1121 projecit
613 1057 721 1112 inanem,

124 1140 179 1203 Qud
188 1138 246 1187 ludo
256 1137 355 1187 indutus
364 1136 421 1185 beili
431 1137 554 1184 simulacra
563 1135 646 1183 ciebat

123 1219 243 1267 Accelerat
252 1217 323 1267 simul
332 1220 428 1274 AEnees,
439 1215 509 1262 simul
518 1215 610 1280 agmina
620 1214 746 1263 Teuctdm.
765 1244 767 1248 ι

123 1296 323 1346 Astillaediversa
330 1307 399 1357 metu
408 1310 451 1359 per
460 1294 539 1341 littora
548 1294 636 1358 passim
761 1297 764 1300 “

123 1374 270 1440 Diffugiunt,
279 1375 409 1438 silvasque,
419 1385 442 1423 et
451 1372 527 1421 sicubi
534 1389 636 1421 concava
645 1369 728 1421 furt-im
799 1428 801 1432 Α

123 1456 182 1504 Saxa
192 1465 292 1519 petunt:
303 1453 368 1518 piget
377 1454 463 1516 incepti
472 1452 592 1514 lucisque;
606 1467 708 1515 suosque
735 1464 744 1493 ‹‘

122 1522 221 1582 Mutatae
230 1542 372 1597 agnoscunt,
382 1546 524 1594 mensesque
533 1541 627 1594 pectore
637 1535 702 1578 June
712 1541 754 1579 est.

162 1611 209 1660 Sed
218 1627 268 1659 non
277 1609 363 1659 ideircd
373 1607 474 1657 flammea
483 1621 554 1672 atque
564 1608 671 1657 incendia
681 1608 742 1656 vires
770 1648 773 1655 ,
808 1632 811 1639 ·
822 1648 826 1656 .

126 1691 362 1754 {ndomitas'posuere
373 1688 438 1737 :ndo
449 1688 495 1737 suh
504 1687 589 1736 robore
597 1688 660 1735 visit

123 1773 225 1834 stuppa,
234 1783 332 1816 vomens
342 1768 436 1816 tardum
446 1767 551 1829 famarm
562 1767 687 1830 lentusque
696 1766 786 1815 carinas

124 1852 166 1897 Eat
176 1863 262 1912 vapor..
272 1858 296 1894 et
305 1859 355 1896 toto
365 1847 483 1895 descendit
493 1856 589 1912 conpone
600 1847 671 1911 pestis
682 1865 689 1892 ε
701 1847 703 1850 ’
725 1854 729 1861 “

124 1931 171 1974 Nec
181 1927 242 1974 vires
252 1923 353 1974 heroum
361 1926 486 1991 infusaque
496 1925 595 1974 flumine
603 1936 712 1990 prosunt.

123 2006 186 2053 'l'irm
196 2005 250 2070 pius
259 2009 344 2053 AEneas
354 2003 458 2068 humeris
468 2005 603 2054 abscindere
613 2006 716 2064 vesterd,
740 2032 743 2037 ·

82 2088 84 2092 ⁴
124 2085 267 2149 Auxilioque
276 2100 360 2132 vocare
371 2088 444 2142 Deos,
455 2097 478 2132 et
488 2085 583 2133 tendere
592 2085 683 2150 palmas
693 2100 699 2128 ε

123 2163 234 2228 Juppiter
244 2163 406 2228 omnipotens,
417 2164 437 2212 si
447 2164 555 2211 nondum
564 2179 648 2210 exosus
657 2161 688 2210 ed
696 2177 774 2210 unum

122 2240 252 2306 'smjanos,
262 2242 282 2290 si
292 2242 350 2306 quid
360 2243 434 2307 pietas
444 2244 541 2306 antiqua
550 2242 641 2290 labores
662 2283 665 2288 .

124 2322 228 2386 Respicit
237 2319 369 2382 humanos;
380 2321 410 2370 da
420 2320 540 2370 flammam
547 2321 645 2369 evadere
656 2319 723 2369 classi
785 2346 789 2354 x

124 2404 206 2460 Nube,
216 2405 297 2460 Pater,
308 2414 331 2450 et
340 2414 422 2450 tenues
430 2404 551 2455 Teucrum
561 2417 596 2449 res
607 2401 671 2466 erip'e
680 2400 728 2448 leto
739 2417 745 2445 :

123 2481 170 2532 vel
180 2492 220 2538 tu,
229 2480 295 2544 quod
304 2493 423 2545 superest,
432 2480 517 2530 infesto
527 2480 626 2529 fulmine
635 2479 720 2535 morti,

124 2559 149 2608 si
158 2575 262 2617 mereor,
274 2559 381 2618 demitte,
392 2564 480 2626 tuaque
489 2559 528 2609 hic
537 2560 612 2608 obrue
622 2559 709 2607 dextrd.
765 2601 767 2605 Α

123 2638 172 2691 Vix
181 2635 232 2687 haee
242 2638 358 2697 ediderat,
368 2642 424 2688 cum
433 2641 511 2689 effirsie
516 2640 637 2687 imbribus
648 2649 697 2684 atre

123 2720 261 2782 Tempestas
271 2717 321 2766 sine
330 2735 396 2767 more
406 2719 623 2782 furit,‚t0nitruque
633 2714 772 2764 tremiscunt

124 2796 207 2845 Ardua
217 2808 346 2856 terrarum,
355 2810 379 2846 ct
387 2799 464 2863 campi
475 2799 541 2868 z'rrrit
550 2796 634 2846 aethere
646 2807 695 2847 toto

125 2876 246 2925 Turbidus
256 2877 412 2943 imbueretque,
423 2879 548 2943 densisque
558 2876 696 2942 nigerrimus
707 2873 790 2920 ansuis
801 2886 807 2930 ἰ

126 2973 151 3007 r.
166 2955 237 3024 696„
