1974 3772
297 275 508 328 GEORGICA.
529 280 596 327 ΜΒ.
618 282 670 330 itt
821 300 867 351 79⁴
898 283 900 287 ’
977 294 981 299 ’

17 410 50 429 „st
113 376 196 428 Exsilit
206 378 231 426 in
241 376 340 434 siccum,
351 389 386 434 et,
397 378 541 448 flammantir
550 379 641 427 luminu
651 392 776 445 torquens,

112 459 184 508 Saevit
193 457 266 523 agris,
277 472 390 520 asperque
400 457 450 513 siti,
461 469 532 521 atque
541 459 664 507 exterritus
674 471 738 508 testu.
767 449 769 454 ’

152 541 186 586 Ne
196 535 257 584 inihi
267 537 319 583 tum
326 535 409 583 molles
419 536 465 583 sub
474 536 514 585 dio
523 553 617 601 corpere
627 555 734 598 somnos,

111 619 165 666 Neu
174 617 244 664 dorso
255 615 357 662 nemoris
366 615 439 663 libeat
448 612 545 678 iacuisse
555 632 598 680 per
605 615 702 678 herbas,

111 698 187 754 Cirm,
196 694 366 760 positisnovus
376 695 478 754 exuviis,
489 695 624 759 nitidusque
637 695 746 760 juventi,

110 775 236 832 Volvitur,
247 785 290 821 aut
296 773 386 820 catulos
395 773 472 831 tectis,
483 786 524 822 aut
534 791 579 822 ova
588 776 735 839 relinquens,
808 812 823 825 .

110 853 209 902 Arduus
217 853 248 901 acl
257 852 343 910 solem,
353 863 377 900 et
386 852 473 917 linguis
482 853 552 901 micat
562 869 602 902 ore
610 855 724 903 trisulcis!

150 933 292 981 Morborum
300 948 397 996 quoqne
407 943 430 980 te
440 944 553 980 consuet
563 933 628 997 signo
637 933 734 984 docebo.

109 1013 198 1077 Turpis
208 1027 264 1060 otes
274 1022 348 1059 tentat
358 1011 458 1067 scabies,
468 1011 510 1058 ubi
521 1009 621 1076 frigidus
630 1012 706 1062 imber

112 1091 190 1139 Altilrs
200 1091 230 1138 ad
241 1090 325 1138 rivum
333 1090 448 1154 persedit,
458 1101 482 1138 ot
490 1087 653 1140 horridaoano

111 1175 197 1219 Bruma
207 1169 273 1234 gelu,
282 1160 320 1215 tel
330 1170 385 1216 clim
394 1166 467 1217 ton'sit
477 1169 557 1218 illotus
567 1168 663 1218 adhaesit

111 1249 201 1308 Sudor,
212 1260 236 1297 et
245 1245 330 1296 hirsuti
339 1259 464 1296 secuerunt
473 1263 571 1313 corporo
579 1264 669 1313 vepres.

113 1328 227 1376 Dulcibus
236 1326 322 1375 idcirco
331 1325 411 1375 lluvlit
420 1343 491 1391 pecus
499 1343 570 1376 omne
581 1328 685 1393 magistri
743 1332 745 1341 ’

110 1404 274 1467 Perlundunt3
284 1406 385 1471 udisque
395 1406 454 1454 ories
464 1407 489 1454 in
498 1406 589 1472 gurgite
598 1407 660 1455 villis

110 1489 239 1545 llersutur,
249 1485 381 1556 mipturqne
391 1486 494 1534 secundo
504 1486 588 1535 defluit
598 1487 662 1535 amni
672 1504 678 1533 :

110 1565 161 1615 Aut
171 1578 267 1613 tonsum
277 1565 336 1613 tristi
346 1567 486 1630 contingunt
496 1581 581 1629 corpus
591 1561 698 1622 coinred,

111 1648 141 1693 lit
151 1660 246 1708 spumas
256 1644 452 1711 miscenturgenti
463 1660 489 1691 rc
497 1642 612 1707 sulphura
622 1645 691 1701 vivo,

112 1725 231 1787 ldaeusque
241 1723 315 1788 pices,
326 1734 349 1771 et
357 1725 457 1788 pingues
467 1724 571 1788 unguine
581 1738 655 1779 ceros,

110 1803 264 1866 scillamque,
274 1799 454 1866 helleborosque
464 1818 557 1867 graves,
567 1801 708 1866 nigrumque
716 1799 831 1849 bitumen.

110 1885 165 1930 Non
174 1893 253 1929 tamen
263 1881 312 1928 ulle
321 1881 394 1946 magis
404 1897 505 1945 presens
516 1880 610 1929 fortuna
620 1881 730 1928 liborum
739 1890 787 1936 est,

112 1962 193 2024 Quint
202 1959 222 2007 si
232 1961 285 2024 quis
294 1958 355 2007 fetro
364 1961 444 2024 potuit
452 1959 582 2008 rescindere
592 1974 714 2008 summum

111 2039 201 2086 Ulceris
211 2055 237 2086 os
248 2055 254 2086 z
265 2039 335 2086 olimr
344 2040 442 2096 vitium,
452 2039 558 2104 vivitque
568 2039 680 2104 tegendo,

111 2110 176 2166 nim
184 2117 286 2168 medico
296 2115 407 2167 sdbfltere
416 2134 501 2166 monus
510 2118 540 2166 od
550 2118 648 2166 vulnera
658 2127 738 2183 pastor

111 2196 232 2262 Abnegat,
243 2211 266 2244 et
275 2197 377 2245 meliors·
383 2201 442 2246 Deos
455 2197 520 2246 sedet
528 2198 608 2245 omnia
617 2212 722 2261 poscens.

112 2277 269 2338 Quinetiam,
280 2276 327 2323 'sinn
337 2276 404 2324 dolor
412 2275 535 2325 bulumllm
546 2276 626 2340 lapsus
636 2275 666 2323 ud
676 2290 728 2323 oses

110 2357 173 2402 Cion
182 2353 253 2415 lurit,
263 2367 334 2420 atque
344 2367 408 2404 artus
417 2355 549 2422 depascitur
559 2355 622 2403 arida
632 2354 713 2412 febrit,

112 2432 203 2482 Ptoluit
213 2434 320 2483 incensos
330 2447 400 2484 aeetus
410 2447 525 2494 avertere,
535 2447 559 2483 et
569 2435 629 2482 inter

112 2517 161 2561 lina
171 2511 239 2560 ferire
249 2513 316 2577 pedis
325 2514 446 2563 salientem
458 2515 570 2580 sanguine
580 2528 678 2571 renam,

111 2592 201 2640 sunto
211 2608 260 2656 quo
270 2609 335 2640 more
345 2593 432 2655 solent,
443 2609 541 2659 acerque
551 2594 670 2650 Gelonus,

111 2673 173 2720 Ct'tm
182 2669 244 2735 fugit
252 2671 279 2718 in
288 2669 433 2738 Rhodopen,
443 2685 513 2738 etque
524 2674 548 2720 in
559 2665 648 2720 deseris
658 2673 787 2730 Getarum,

111 2752 142 2798 Et
150 2750 186 2798 luc
196 2761 397 2801 concretum-curn
406 2753 518 2818 sanguine
528 2763 595 2816 potat
605 2750 699 2814 equino.
806 2765 808 2768 ·

47 2852 52 2859 ·
151 2831 232 2891 Quom
240 2830 324 2893 procul
334 2843 376 2879 out
384 2831 451 2878 molli
461 2830 583 2878 succedere
592 2829 677 2893 saepids
686 2825 777 2875 umbra

39 2917 45 2931 ‘
110 2907 217 2965 Videris,
227 2920 269 2959 tut
278 2924 382 2967 aiminus
389 2922 523 2974 carpentem
532 2908 641 2974 ignavius
648 2903 734 2954 herbas
739 2937 747 2964 ,

110 3004 135 3040 r.
154 2984 223 3053 465.¹
