1974 3772
379 237 506 285 AEKEIS.
564 308 570 317 Α
762 236 815 305 375

80 356 810 391 Mammula

187 398 198 413 x

119 460 301 583 elene
341 499 767 576 nuonncrmus

70 793 193 868 Turnus
203 832 231 867 ut
239 816 349 868 infractos
359 820 458 869 adverso
468 824 542 870 Marte
557 822 654 873 Latinos*

71 897 186 947 Defecisse
196 900 273 958 videt,
283 916 325 948 sua
335 916 400 948 nunc
409 900 524 964 promissa
533 903 636 966 reposci,

71 981 99 1027 Se
109 979 194 1043 signari
204 979 291 1039 oculis;
302 979 365 1027 ultrb
375 980 528 1043 implacabilis
538 981 616 1038 ardet,

71 1058 211 1122 Attollitque
221 1058 318 1106 animos.
329 1062 458 1106 Poenorum
467 1059 543 1122 qualis
553 1059 578 1105 in
589 1058 652 1106 arvis

70 1137 167 1186 Saucius
177 1137 215 1186 ille
225 1137 291 1201 gravi
300 1139 431 1184 venantum
439 1138 535 1185 vulnere
545 1148 641 1201 pectus,

69 1218 133 1264 Tiun
143 1217 238 1264 demum
248 1227 328 1264 movet
338 1231 401 1264 erma
411 1216 462 1274 leo,
472 1215 604 1279 gaudetque
613 1227 732 1265 comantes

70 1295 195 1344 Excutiens
205 1296 294 1344 cervice
304 1307 379 1353 toros,
390 1291 511 1359 fixumque
521 1295 617 1343 latronis

70 1374 207 1437 lmpavidus
216 1371 302 1439 frangit
311 1374 397 1432 telum,
408 1386 431 1422 et
441 1371 519 1422 fremit
529 1391 569 1423 ore
579 1386 676 1423 cruento
686 1394 697 1420 r

70 1442 140 1500 Haud
150 1454 215 1500 secus
225 1469 321 1502 eccenso
331 1453 407 1520 gliscit
416 1444 527 1502 ¹violentie
537 1458 625 1502 'lirino
681 1480 686 1487 ·

68 1533 131 1579 Tum
139 1532 172 1578 sic
182 1531 266 1581 effatur
274 1549 366 1596 regern,
376 1545 446 1597 atque
456 1531 489 1582 ita
499 1532 609 1581 turbidus
617 1529 670 1582 iniit
680 1550 686 1579 τ

55 1622 58 1634 ’
68 1610 138 1658 Nulla
148 1620 214 1659 mora
224 1611 249 1659 in
258 1615 354 1672 Tumo3
364 1609 425 1660 nibil
432 1623 467 1660 eet
476 1611 541 1676 quod
551 1612 612 1660 dicta
623 1622 747 1660 retractent

67 1690 150 1755 ignavi
161 1689 282 1748 AEneadoe3
294 1705 349 1746 nec,
359 1706 413 1753 quae
422 1691 544 1754 pepigere,
554 1700 667 1739 recusent
760 1720 763 1725 -

67 1768 219 1833 congredior.
231 1770 276 1815 Fer
285 1784 361 1826 saue,
372 1780 450 1833 peter,
461 1781 486 1817 et
494 1770 591 1834 concipe
604 1769 689 1818 foedus.

68 1848 118 1896 Aut
128 1845 172 1894 hdc
184 1847 328 1895 Dardanium
336 1847 418 1895 dextri
427 1849 473 1895 sub
482 1852 578 1896 Tartara
588 1850 679 1896 mittam

69 1929 215 1973 Desertorem
224 1924 286 1974 Asiae
296 1925 418 1990 (sedeant,
429 1937 581 1992 spectentque
590 1927 696 1991 Latini),
723 1948 726 1954 ·

68 2007 99 2053 Et
109 2005 172 2052 solus
182 2002 243 2052 ferro
252 2005 340 2053 crimen
350 2021 476 2054 commune
486 2005 591 2054 refellam
601 2024 607 2053 r

68 2082 118 2131 Ant
126 2082 213 2132 habeat
221 2084 307 2143 rietes,
317 2084 384 2134 cedat
393 2086 491 2135 Lavinia
501 2083 597 2149 conjux.

107 2163 155 2211 Olli
164 2163 244 2212 sedato
254 2165 376 2228 respondit
384 2166 454 2213 corde
465 2166 562 2213 Latinus
574 2183 579 2211 τ

67 2245 89 2289 Ο
98 2254 210 2306 praestans
220 2241 292 2290 animi
302 2241 408 2306 juvenis,
418 2246 536 2308 quantum
546 2240 675 2307 ipse-feroci

67 2322 160 2373 Virtute
171 2337 307 2387 exsuperas,
317 2323 383 2371 tanto
392 2332 432 2370 me
441 2323 569 2387 impensius
579 2338 674 2386 equum
684 2332 724 2370 est

67 2401 206 2459 consulere,
218 2413 288 2465 atque
298 2418 379 2450 omues
389 2413 532 2450 metuentem
541 2401 671 2466 expendere
679 2418 753 2449 casus.

67 2481 127 2528 Sunt
137 2481 180 2527 tibi
191 2497 261 2547 regnu
271 2482 343 2546 patris
353 2484 444 2541 Dauni,
454 2494 510 2530 eunt
519 2482 606 2547 oppida
616 2493 684 2545 cepta

66 2560 142 2607 Multa
152 2576 235 2619 manu5
247 2577 289 2608 nec
299 2578 347 2609 non
358 2578 489 2626 nurumque
500 2559 639 2627 animusque
649 2559 733 2608 Latino
743 2571 792 2607 est:

66 2640 127 2686 Sunt
137 2639 187 2686 aliae
196 2639 302 2704 innuptae
313 2641 379 2688 Latio
388 2652 413 2689 et
423 2641 580 2689 Laurentibus
591 2639 662 2705 agris,

65 2720 114 2765 Nec
123 2733 197 2781 genus
207 2719 334 2768 indecores.
345 2722 400 2767 Sine
409 2737 447 2769 me
456 2719 507 2768 lraec
516 2717 582 2767 baud
591 2719 671 2766 mollia
681 2714 731 2767 fatu

66 2795 169 2844 Sublatis
177 2798 266 2863 aperire
276 2799 336 2846 dolis
346 2817 352 2847 t
363 2801 433 2848 simul
444 2799 494 2848 baec
504 2800 584 2847 animo
593 2795 669 2844 honri

66 2878 104 2922 Me
115 2888 194 2924 natam
204 2877 264 2926 nulli
274 2890 381 2928 veterum
390 2881 476 2930 souare
486 2894 613 2945 procorum

67 2972 92 3006 v.
107 2971 151 3025 27.
