1974 3772
256 282 259 287 ‘
309 298 519 349 cnoacrca
542 302 610 354 ata.
630 304 676 354 rv.
830 319 864 372 91

123 363 343 464 aurnapaanua
351 396 718 462 emmerammum
797 447 799 450 Α

125 481 174 530 Aut
183 479 248 527 intus
258 477 343 532 clausis
351 487 493 526 cunctantur
505 477 530 523 in
540 476 630 525 sedibus
640 494 734 537 omnes,

98 587 101 591 ·
123 564 265 627 ignavaeque
273 553 347 614 fame,
357 567 381 604 et
390 566 509 605 contracto
519 552 603 620 frigore
613 556 692 621 pigra.

121 639 187 686 Tum
196 652 269 686 sonus
279 634 375 684 auditur
382 635 488 699 gravior,
499 638 637 699 uuuirnque
646 649 768 685 susurrant
779 655 785 684 r

121 717 234 783 Frigidus
242 727 270 764 ut
279 714 401 778 quondam
408 714 474 762 silvis
484 714 649 763 immurmurat
659 716 757 775 Auster,

123 800 157 845 Ut
164 812 230 844 mare
239 794 367 843 sollicitum
376 793 457 843 stridet
466 791 620 851 refluentibus
631 794 712 850 nudis.
740 856 748 863 ,
820 815 824 820 ·

122 881 218 924 AEstnat
226 885 255 922 ut
264 873 348 922 clausis
359 873 455 938 rapidus
465 872 599 921 fornacibus
609 873 675 938 ignis.
698 919 701 925 .

163 955 208 1003 Hic
216 951 265 1017 jam
273 953 400 1018 galbaneos
409 952 513 1001 suadebo
524 952 646 1001 incendere
656 952 752 1008 odom,
818 958 822 966 ’

122 1033 241 1097 Meliaque
252 1032 387 1080 arundineis
396 1030 481 1079 inferre
491 1031 624 1089 canalibus,
635 1031 710 1101 ulprb

123 1117 276 1169 narrantem,
286 1123 310 1160 et
319 1109 389 1160 fessas
399 1110 429 1159 ad
439 1109 527 1176 pabula
537 1122 592 1159 note
602 1122 732 1159 vocantem.
789 1145 790 1148 η

123 1191 231 1240 Proderit
241 1203 264 1238 et
273 1202 372 1239 tunsum
380 1189 447 1256 gallae
457 1189 582 1238 admiscere
592 1204 712 1254 saporem,

123 1271 271 1334 Arentesque
280 1286 357 1330 rosas,
366 1280 409 1317 aut
417 1269 466 1334 igni
475 1268 572 1334 pinguia
582 1269 660 1316 multo

124 1347 235 1406 Defruta,
246 1348 285 1396 vel
293 1345 390 1413 psythid
398 1363 480 1413 passos
490 1346 519 1396 de
529 1348 577 1397 vite
587 1363 702 1404 racemos,

122 1428 312 1493 Cecropiumque
322 1425 434 1494 thymum
439 1463 448 1500 Ι,
457 1439 481 1475 et
490 1443 560 1492 grave
570 1427 657 1475 olentia
666 1437 796 1475 centaurea.

124 1510 166 1556 Est
175 1507 246 1556 etiam
255 1506 300 1554 ssus
308 1507 334 1554 iu
342 1508 429 1571 pratis,
438 1507 476 1554 cui
486 1523 573 1555 nomen
584 1506 669 1555 ameno

123 1589 209 1635 Fecere
218 1585 336 1652 agricolas,
347 1583 419 1634 utilis
429 1585 588 1649 quaerentibus
598 1582 678 1632 barba.

123 1670 232 1731 Namque
242 1682 291 1714 uno
301 1666 420 1730 ingentem
429 1664 492 1713 tollit
501 1665 530 1712 de
540 1665 626 1728 cespite
636 1665 732 1723 silvam,

123 1747 217 1793 Aureus
227 1745 291 1809 ipse3
301 1745 342 1793 sed
352 1745 377 1792 in
388 1743 462 1803 foliis,
472 1760 525 1807 quse
535 1743 638 1807 plurima
648 1743 735 1791 circum
802 1757 803 1761 ¹

124 1824 282 1882 Funduntur,
292 1823 361 1872 violae
371 1823 479 1872 sublucet
488 1837 595 1887 purpura
605 1822 683 1888 nigra.
719 1873 727 1893 ι

123 1905 191 1970 Saepe
201 1902 279 1951 Dedm
288 1903 353 1951 nexis
362 1915 450 1951 ornatae
460 1901 585 1967 torquibus
593 1918 648 1951 aru.

123 1980 200 2047 Asper
210 1983 235 2030 in
245 1998 284 2030 ore
294 1998 364 2046 sapor
374 2000 380 2029 ε
391 1981 466 2032 tonsis
475 1983 500 2029 in
509 1981 610 2029 vallibus
620 1980 688 2029 illum

123 2063 244 2119 Putares,
254 2073 278 2109 et
287 2077 359 2110 curva
368 2063 450 2127 legsmt
459 2077 534 2125 prope
544 2059 643 2108 ssumina
652 2059 736 2108 Mellae

123 2138 202 2204 Hujus
211 2140 309 2189 odorato
319 2140 406 2189 radices
416 2141 516 2205 incoque
527 2137 629 2198 Baccho,

124 2219 262 2283 Pabulaque
273 2220 297 2266 in
307 2218 397 2267 foribus
407 2219 482 2284 plenis
493 2234 585 2283 appone
595 2218 720 2266 causaris:

163 2299 210 2348 sed
220 2299 241 2346 si
251 2314 323 2362 quem
332 2299 409 2362 proles
419 2298 500 2346 subitb
509 2297 621 2346 defecerit
628 2296 718 2356 omnis,

124 2379 171 2426 Nec
181 2393 256 2444 genus
266 2376 331 2424 undd
340 2393 408 2426 novae
418 2377 497 2442 stirpis
507 2389 629 2426 revocetur
636 2374 754 2438 lrabebi15
799 2411 806 2428 .

124 2461 229 2521 'Tempus
239 2467 263 2504 et
272 2455 366 2505 arcadii
374 2456 525 2506 memorande
535 2457 630 2504 inventa
640 2454 747 2520 magistri

125 2535 243 2594 Pandere,
253 2551 348 2600 quoque
358 2536 429 2584 modo
439 2537 503 2585 caesis
513 2534 560 2600 jam
569 2538 631 2601 saepe
641 2533 747 2599 juvencis

127 2615 259 2662 insincerus
270 2630 325 2680 apes
335 2615 415 2664 tulerit
425 2632 501 2664 cruor.
514 2616 590 2663 Altina
600 2631 696 2663 omnem

125 2693 267 2759 Expediam,
275 2693 352 2759 prima
362 2707 468 2758 repetens
479 2695 510 2742 ab
519 2696 607 2760 origine
614 2694 724 2756 „samana

163 2775 223 2819 Nara
234 2775 282 2835 qud
291 2773 370 2821 Petrai
376 2790 433 2839 gens
444 2774 561 2822 fortunata
570 2772 662 2837 Canopi

125 2849 216 2899 Accolit
225 2850 300 2900 effuso
309 2864 457 2917 stagnantem
466 2852 564 2902 flumine
574 2853 669 2910 Nihan,

125 2933 154 2978 Et
164 2929 253 2977 circum
263 2931 332 2996 pictis
340 2930 435 2983 rebitur
443 2949 488 2983 sus
497 2928 552 2983 rard
561 2929 664 3001 phaselis
669 2947 678 3004 j
748 2985 756 3004 Ἢ

127 3026 150 3058 v.
164 3010 229 3077 289.
