1974 3772
368 223 495 294 nunrs.
517 248 584 300 [ΑΒ.
606 250 668 294 x11.
841 245 895 304 37⁹

129 369 137 374 -
152 348 182 394 Et
192 360 266 409 genus
276 343 383 393 Assaraci
392 342 539 403 Mnestheus,
549 357 573 393 et
582 344 647 393 sortis
658 344 755 413 Asylts,

153 427 182 474 Et
192 429 313 489 Messapus
323 426 412 487 equum
421 423 535 482 domitor,
545 425 663 489 Neptunia
673 427 757 489 proies.

191 507 283 566 thue,
293 503 349 551 darn
358 504 437 568 signo,
448 504 522 568 spatia
532 504 558 552 in
567 520 610 552 sun
619 505 719 570 quisque
729 505 835 567 recessit,

151 580 265 648 Defigunt
273 583 356 631 tellure
365 580 456 641 hastas,
466 595 489 631 et
498 595 562 631 scuta
572 584 693 634 reclinant.

150 664 214 711 Tum
224 662 302 710 studio
312 662 390 710 effiisoe
400 673 497 720 matres,
507 674 531 709 et
541 663 626 728 vulgus
636 664 766 723 inermum,
810 674 812 678 ⁴

124 773 126 775 >
151 741 299 804 Invalidique
309 758 387 801 senes,
397 753 473 790 turres
483 752 506 789 et
515 753 574 789 tenta
584 742 710 791 domorum

82 834 85 847 '
150 821 269 869 obsedere
280 837 286 866 ε
297 821 336 867 atii
346 821 419 884 portis
429 821 571 869 sublimibus
581 822 680 870 adstant.

191 899 223 947 At
233 904 296 948 Juno
306 915 334 947 er
344 915 449 959 summo,
459 901 501 965 qui
510 917 574 949 nunc
583 901 691 949 Albanus
700 898 814 961 hahetur,
895 915 897 918 ⁴

151 980 229 1044 (Tum
239 995 315 1042 neque
325 994 411 1027 nornen
422 991 483 1038 erat,
494 997 536 1028 nec
545 978 634 1039 honos,
644 993 685 1028 aut
694 982 768 1046 glorie
777 983 868 1048 monti)

150 1057 296 1122 Prospiciens
307 1058 414 1116 tumulo,
424 1075 536 1122 campum
545 1060 690 1123 aspectabat,
701 1071 725 1107 et
735 1061 816 1110 mbas
862 1048 868 1061 ’

151 1140 296 1185 Laurentum
306 1140 442 1200 Troumque
453 1138 524 1195 acies,
535 1137 666 1202 urbemque
677 1139 761 1186 Latini.

152 1217 279 1281 Extemplb
288 1218 363 1263 'lurni
373 1217 405 1278 sic
415 1229 450 1264 est
459 1216 526 1264 affata
537 1233 643 1266 sororem

151 1295 211 1342 Diva
222 1299 308 1352 Deam,
319 1296 405 1360 stagnis
414 1312 468 1359 quse
478 1294 665 1361 fluminibusque
674 1297 766 1346 sonoris

150 1375 260 1422 Praesidet
272 1392 277 1434 3
288 1371 353 1422 hunc
363 1374 397 1422 illi
408 1391 448 1425 rex
457 1375 549 1424 retheris
559 1376 620 1424 altus
630 1373 747 1424 honorem

150 1454 260 1518 Juppiter
269 1455 348 1518 erepti
358 1470 402 1519 pro
412 1455 544 1519 virginitate
554 1456 664 1503 secrevit:

150 1530 273 1598 Nympha,
284 1533 355 1581 decus
365 1533 507 1593 fluviorum,
517 1534 597 1583 animo
606 1535 735 1600 gratissima
745 1547 839 1592 nostro,
874 1579 880 1592 ,

150 1612 198 1660 Scis
208 1623 236 1660 ut
246 1623 268 1660 te
277 1613 366 1660 cunctis
376 1630 462 1670 unam,
472 1629 619 1678 quincunque
631 1614 720 1668 Latinas

149 1691 293 1756 Magnanimi
304 1692 370 1741 Jovis
380 1692 498 1756 ingratum
508 1693 633 1751 escendere,
639 1693 731 1750 cubile,

149 1770 307 1828 Praetulerim,
317 1771 418 1834 coelique
427 1772 503 1819 libens
514 1774 538 1819 in
548 1785 613 1836 parte
623 1772 733 1820 locin'm:
795 1809 797 1814 f

150 1849 217 1898 Disce
225 1861 295 1896 tuum
305 1849 349 1913 (ne
359 1866 397 1897 nie
406 1850 525 1914 incuses),
536 1856 650 1908 innunt,
660 1852 774 1901 dolerem.

150 1930 205 1993 Quis
215 1928 264 1975 visa
275 1939 309 1976 est
319 1928 414 1976 fortuna
421 1930 483 1994 pati,
494 1934 618 1994 Pnrcaeque
626 1930 735 1978 sinebant

148 2008 236 2056 Cedere
246 2024 282 2055 res
293 2008 373 2067 Latio,
383 2013 491 2057 Turnum
500 2021 524 2057 et
535 2021 575 2057 tua
584 2010 672 2058 moenin
681 2010 744 2057 texi:

149 2090 217 2135 Nunc
227 2086 339 2150 juvenem
348 2089 478 2153 imparibus
488 2089 557 2136 video
566 2105 704 2138 concurrere
715 2085 781 2152 fatis,

149 2170 320 2230 Parcarumque
330 2168 380 2215 dies
390 2180 414 2215 et
421 2169 459 2216 vis
467 2169 560 2215 inimien
568 2170 719 2232 propinquat.

149 2248 202 2293 Non
212 2261 317 2310 pugnam
327 2246 429 2309 aspicere
439 2245 499 2292 hanc
509 2247 596 2302 oculis,
606 2264 654 2293 non
669 2246 756 2292 foedera
766 2253 871 2310 possum.

149 2328 198 2381 Tu‚
209 2341 252 2388 pro
263 2340 372 2392 gennano
383 2324 403 2370 si
412 2324 471 2388 quid
480 2325 618 2388 praesentius
628 2323 713 2382 audes,
759 2345 765 2375 t

148 2407 233 2468 Perge3
243 2404 308 2451 decet
320 2421 325 2449 :
337 2401 414 2451 forsan
425 2404 521 2452 miseros
531 2403 627 2451 meliors
638 2415 771 2468 sequentur.

188 2484 235 2532 Vix
244 2499 283 2540 en,
294 2485 348 2530 cinn
357 2484 471 2549 lacrymas
480 2483 554 2530 oculis
563 2487 665 2532 Juturna
675 2481 811 2547 profintdit:

148 2566 240 2626 Terque
251 2575 380 2627 quaterque
389 2579 463 2611 manu
471 2576 553 2628 pectus
563 2563 676 2627 percussit
686 2560 818 2610 honestum

149 2645 202 2688 Non
212 2641 321 2707 lucrymis
331 2641 376 2690 hoc
386 2655 492 2708 tempus,
502 2644 535 2691 nit
545 2642 652 2691 Saturnis
662 2647 739 2700 Jun03

149 2720 270 2778 Accelera,
282 2733 304 2769 et
314 2719 421 2781 fratrem
432 2724 451 2770 si
461 2724 514 2786 quis
524 2721 621 2780 modus,
632 2722 695 2785 eripe
705 2720 788 2768 morti:

150 2799 199 2847 Aut
209 2813 235 2848 tu
244 2800 348 2849 bellacis
359 2837 365 2860 ,
376 2814 562 2867 conceptumque
572 2813 656 2849 excute
670 2800 755 2849 foedus.

149 2878 239 2926 Auctor
249 2896 290 2946 ego
301 2881 409 2932 audendi.
420 2883 458 2931 stc
467 2881 588 2931 exhortata
596 2880 692 2946 reliquit

151 2977 176 3010 v.
196 2972 257 3025 109.
