1974 3772
307 296 434 344 murts.
456 297 523 344 utu
544 297 596 342 111.-
771 292 818 347 ι5ι

80 403 126 448 ttes
137 395 334 462 Agamemnonias
344 395 493 458 victriciaque
503 411 568 444 arma
577 407 682 454 secutrrs,

78 481 125 527 Fas
135 492 206 526 omne
216 475 348 539 abrumpit,
359 475 505 541 Polydorum
515 473 652 532 obtruncat,
663 487 685 522 et
696 491 753 531 auro

79 558 110 609 vi
120 557 218 622 potitur.
231 554 295 617 Quid
306 571 354 602 uon
364 554 472 606 mortalia
481 566 575 618 pectora
585 555 661 619 cogis,

78 637 140 686 Auri
150 650 213 696 socru
222 635 308 683 fames!
320 635 448 697 Postquhm
457 650 531 698 pavor
542 649 592 680 ossa
603 634 709 697 reliquit,

79 715 188 779 Delector
197 714 280 778 populi
291 713 321 761 ad
331 728 449 776 proceres,
460 712 611 777 primumque
619 724 740 777 parentem
746 748 754 771 ,

79 797 186 844 Monstra
197 796 273 841 Deum
283 790 357 841 refero
364 827 371 849 ,
378 803 405 840 ,et
414 807 467 856 quae
478 791 507 839 sit
516 793 630 840 sententia
643 808 722 855 posco.

78 873 199 922 Omnibus
208 871 271 921 idem
281 872 373 919 animus
383 871 492 918 scelerati
502 870 611 919 excedere
621 873 694 927 terri,

80 954 199 1016 Linquere
208 951 329 1014 pollutum
339 947 480 1014 hospitium,
492 960 515 996 et
525 950 579 998 dare
587 949 700 998 classibus
711 962 808 999 austros.
839 958 841 963 '

118 1034 183 1096 Ergo
193 1030 351 1077 instauramus
362 1028 479 1093 Polydoro
489 1027 575 1087 funus,
586 1039 609 1076 et
619 1029 701 1092 ingens
745 1044 751 1052 ·
777 1068 781 1073 .

30 1098 39 1147 ',
81 1110 207 1175 Aggeritur
216 1109 308 1158 tumulo
318 1107 388 1156 tellus
399 1126 405 1154 :
416 1120 478 1155 stant
488 1108 598 1155 Manibus
609 1123 663 1163 arae,

81 1188 191 1239 Caenrleis
201 1199 290 1241 moestu
300 1187 364 1235 vittis
375 1188 470 1250 atrisque
481 1203 604 1250 cupresso;

81 1272 111 1316 Et
121 1268 211 1315 circum
218 1266 301 1315 Iliades
311 1266 400 1315 minem
410 1266 438 1314 de
447 1283 512 1313 more
521 1267 611 1315 solutae.

81 1345 206 1395 inserimus
216 1346 295 1410 tepido
306 1347 440 1409 spumantia
449 1346 543 1411 cymbia
552 1346 624 1403 lacte,

80 1425 205 1490 Sanguinis
215 1436 239 1473 et
248 1426 306 1475 sacri
316 1437 420 1490 pateros3
432 1426 582 1490 animamque
590 1424 697 1491 sepulcro

80 1504 224 1562 condimus,
235 1516 258 1552 et
265 1506 351 1570 magnit
360 1506 498 1568 supremum
508 1521 566 1552 voce
576 1495 671 1553 olemus.

120 1583 178 1632 tude
184 1620 191 1642 ,
200 1583 244 1631 ubi
253 1583 329 1648 prima
340 1581 397 1632 fides
407 1585 502 1648 pelago,
511 1591 648 1647 placataque
659 1584 724 1631 venti

78 1666 144 1712 Dant
154 1663 239 1720 marie,
248 1674 271 1710 et
280 1663 339 1712 lenis
348 1663 464 1726 crepitans
476 1674 542 1711 vocat
552 1662 636 1711 Auster
645 1664 669 1710 in
680 1663 755 1711 ultuut
763 1677 770 1722 ς
779 1671 782 1683 ·

80 1741 208 1789 Reducunt
217 1741 274 1789 socii
283 1758 365 1799 nar‘es,
375 1754 399 1789 et
409 1742 486 1789 littora
497 1742 621 1805 complent

81 1818 237 1874 Ptorehimur
246 1831 332 1885 portu,
343 1833 457 1884 terraeque
467 1822 585 1885 urbesque
595 1821 714 1869 recedunt.

119 1901 189 1948 Sacra
199 1900 258 1947 mari
268 1899 440 1948 colitur-medio
450 1900 578 1966 gratissima
589 1900 660 1953 tellus

81 1978 208 2026 Nereidum
218 1978 287 2026 matri
296 1990 321 2027 et
331 1982 441 2043 Neptuno
451 1983 529 2039 AEguo
540 1998 546 2026 z

81 2062 162 2122 Quam
172 2058 226 2121 pius
237 2057 377 2116 arcitenens,
385 2075 438 2106 orus
448 2071 471 2106 ct
480 2055 559 2108 littora
568 2059 657 2106 circum

80 2141 219 2196 Errantem,
229 2141 329 2202 Myrone
337 2137 398 2186 celsi
407 2141 536 2203 Gyaroque
545 2138 658 2193 reduxit,

81 2220 254 2280 Immotumque
264 2215 309 2264 coli
319 2216 396 2277 dedit,
406 2227 430 2265 et
438 2230 587 2266 contemnere
598 2228 687 2264 ventos,

83 2292 218 2353 auctoru,
230 2291 280 2342 haec
289 2294 362 2343 sessos
372 2307 423 2344 tuto
434 2296 589 2360 placidissima
598 2307 670 2359 portu

81 2372 174 2437 Accipit
184 2390 189 2418 :
202 2373 285 2438 egressi
295 2390 435 2423 veneramur
445 2376 562 2440 Apollinis
573 2375 665 2426 urbem.

81 2454 131 2498 Rex
141 2451 230 2508 Anius,
241 2469 281 2500 rex
291 2452 354 2501 idem
363 2451 489 2502 homiuum
498 2452 629 2518 Phoebique
642 2451 762 2509 sacerdos,

16 2564 22 2581 .
82 2529 153 2580 vittis
162 2541 186 2578 et
196 2534 260 2580 sacrh
269 2532 391 2583 redimitus
401 2546 507 2599 tempora
517 2535 595 2591 lauro,

80 2610 190 2658 Occurrit
200 2627 206 2656 r
217 2623 321 2660 ueterem
330 2611 449 2661 Anchisen
458 2613 562 2679 agnoscit
571 2611 680 2660 ¹omitum.

82 2688 207 2753 iungimus
217 2687 320 2754 bospitio
330 2690 435 2750 dextras,
446 2704 469 2740 et
478 2703 537 2740 tecta
546 2691 661 2739 subimus.

119 2768 219 2831 Templo
230 2769 273 2816 Dei
283 2787 338 2819 saxo
348 2771 475 2819 venerabar
485 2783 572 2821 structa
583 2779 676 2822 vetusto
687 2784 693 2814 ε

82 2847 116 2893 Da
126 2838 261 2911 propriam,
271 2847 425 2915 Thymbreo,
435 2850 547 2912 domum,
557 2849 588 2899 da
596 2847 684 2897 moenis
692 2843 770 2906 sessis,

81 2927 111 2972 Et
118 2941 206 2989 genus,
216 2938 383 2985 etmausursm
393 2930 477 2979 urbem
488 2948 494 2978 z
504 2946 571 2979 servu
581 2929 652 2978 altera
661 2922 738 2988 Troius

83 3020 107 3054 r.
123 3006 168 3056 86.
