<?xml version="1.0" encoding="UTF-8"?>
<!DOCTYPE html PUBLIC "-//W3C//DTD XHTML 1.0 Transitional//EN"
    "http://www.w3.org/TR/xhtml1/DTD/xhtml1-transitional.dtd">
<html xmlns="http://www.w3.org/1999/xhtml" xml:lang="en" lang="en">
 <head>
  <title>
</title>
<meta http-equiv="Content-Type" content="text/html;charset=utf-8" />
  <meta name='ocr-system' content='tesseract 3.04.00' />
  <meta name='ocr-capabilities' content='ocr_page ocr_carea ocr_par ocr_line ocrx_word'/>
</head>
<body>
  <div class='ocr_page' id='page_1' title='image "./bucolicageorgic01virggoog_0286.png"; bbox 0 0 1974 3772; ppageno 0'>
   <div class='ocr_carea' id='block_1_1' title="bbox 123 210 858 376">
    <p class='ocr_par' dir='ltr' id='par_1_1' title="bbox 123 210 858 376">
     <span class='ocr_line' id='line_1_1' title="bbox 332 210 858 278; baseline 0.006 -20"><span class='ocrx_word' id='word_1_1' title='bbox 332 210 460 258; x_wconf 75' lang='lat' dir='ltr'>ments,</span> <span class='ocrx_word' id='word_1_2' title='bbox 481 212 547 260; x_wconf 83' lang='lat' dir='ltr'>tm.</span> <span class='ocrx_word' id='word_1_3' title='bbox 568 213 648 263; x_wconf 82' lang='lat' dir='ltr'>vrit</span> <span class='ocrx_word' id='word_1_4' title='bbox 765 227 782 250; x_wconf 63' lang='grc' dir='ltr'><em>υ</em></span> <span class='ocrx_word' id='word_1_5' title='bbox 808 213 858 278; x_wconf 74' lang='lat'>&#39;293</span> 
     </span>
     <span class='ocr_line' id='line_1_2' title="bbox 123 305 781 376; baseline 0.002 -18"><span class='ocrx_word' id='word_1_6' title='bbox 123 313 203 358; x_wconf 81' lang='lat' dir='ltr'>Bnctra</span> <span class='ocrx_word' id='word_1_7' title='bbox 212 305 291 368; x_wconf 83' lang='lat' dir='ltr'>vehit3</span> <span class='ocrx_word' id='word_1_8' title='bbox 299 310 451 374; x_wconf 72' lang='lat' dir='ltr'>sequiturque</span> <span class='ocrx_word' id='word_1_9' title='bbox 462 306 556 374; x_wconf 77' lang='lat' dir='ltr'>(nefas)</span> <span class='ocrx_word' id='word_1_10' title='bbox 566 309 677 376; x_wconf 76' lang='lat' dir='ltr'>AEgyptia</span> <span class='ocrx_word' id='word_1_11' title='bbox 686 306 781 374; x_wconf 82' lang='lat' dir='ltr'>conjux.</span> 
     </span>
    </p>
   </div>
   <div class='ocr_carea' id='block_1_2' title="bbox 89 389 804 2982">
    <p class='ocr_par' dir='ltr' id='par_1_2' title="bbox 89 389 804 2982">
     <span class='ocr_line' id='line_1_3' title="bbox 121 389 741 454; baseline 0.003 -18"><span class='ocrx_word' id='word_1_12' title='bbox 121 390 176 436; x_wconf 76' lang='lat' dir='ltr'>Una</span> <span class='ocrx_word' id='word_1_13' title='bbox 183 404 265 437; x_wconf 87' lang='lat' dir='ltr'>omnes</span> <span class='ocrx_word' id='word_1_14' title='bbox 274 403 354 445; x_wconf 88' lang='lat' dir='ltr'>ruere,</span> <span class='ocrx_word' id='word_1_15' title='bbox 365 404 391 436; x_wconf 89' lang='lat' dir='ltr'>ac</span> <span class='ocrx_word' id='word_1_16' title='bbox 401 401 478 437; x_wconf 88' lang='lat' dir='ltr'>totum</span> <span class='ocrx_word' id='word_1_17' title='bbox 487 405 611 454; x_wconf 77' lang='lat' dir='ltr'><strong>spumare,</strong></span> <span class='ocrx_word' id='word_1_18' title='bbox 620 389 723 438; x_wconf 68' lang='lat' dir='ltr'>redueris</span> <span class='ocrx_word' id='word_1_19' title='bbox 739 405 741 410; x_wconf 84' lang='grc'><strong>’</strong></span> 
     </span>
     <span class='ocr_line' id='line_1_4' title="bbox 120 467 741 532; baseline -0.003 -15"><span class='ocrx_word' id='word_1_20' title='bbox 120 467 270 517; x_wconf 80' lang='lat' dir='ltr'>convulsum</span> <span class='ocrx_word' id='word_1_21' title='bbox 279 467 349 514; x_wconf 81' lang='lat' dir='ltr'>remit</span> <span class='ocrx_word' id='word_1_22' title='bbox 357 468 482 530; x_wconf 77' lang='lat' dir='ltr'>rostrisque</span> <span class='ocrx_word' id='word_1_23' title='bbox 492 468 643 525; x_wconf 69' lang='lat' dir='ltr'><strong>tridentibus,</strong></span> <span class='ocrx_word' id='word_1_24' title='bbox 653 484 741 532; x_wconf 81' lang='lat' dir='ltr'>aequor.</span> 
     </span>
     <span class='ocr_line' id='line_1_5' title="bbox 121 543 749 610; baseline 0.005 -17"><span class='ocrx_word' id='word_1_25' title='bbox 121 548 176 594; x_wconf 80' lang='lat' dir='ltr'>Alta</span> <span class='ocrx_word' id='word_1_26' title='bbox 186 557 271 610; x_wconf 87' lang='lat' dir='ltr'>petunt</span> <span class='ocrx_word' id='word_1_27' title='bbox 282 563 288 592; x_wconf 74' lang='grc' dir='ltr'><strong><em>ε</em></strong></span> <span class='ocrx_word' id='word_1_28' title='bbox 298 546 381 610; x_wconf 79' lang='lat' dir='ltr'>pelago</span> <span class='ocrx_word' id='word_1_29' title='bbox 391 546 470 594; x_wconf 80' lang='lat' dir='ltr'>credat</span> <span class='ocrx_word' id='word_1_30' title='bbox 480 543 560 596; x_wconf 80' lang='lat' dir='ltr'>innare</span> <span class='ocrx_word' id='word_1_31' title='bbox 571 548 674 595; x_wconf 77' lang='lat' dir='ltr'>revulsas</span> <span class='ocrx_word' id='word_1_32' title='bbox 747 558 749 562; x_wconf 85' lang='grc'>’</span> 
     </span>
     <span class='ocr_line' id='line_1_6' title="bbox 121 625 759 690; baseline 0.002 -18"><span class='ocrx_word' id='word_1_33' title='bbox 121 625 248 690; x_wconf 81' lang='lat' dir='ltr'>Cycladas,</span> <span class='ocrx_word' id='word_1_34' title='bbox 258 636 299 673; x_wconf 85' lang='lat' dir='ltr'>aut</span> <span class='ocrx_word' id='word_1_35' title='bbox 308 637 400 672; x_wconf 81' lang='lat' dir='ltr'>montes</span> <span class='ocrx_word' id='word_1_36' title='bbox 409 641 547 674; x_wconf 83' lang='lat' dir='ltr'>concurrere</span> <span class='ocrx_word' id='word_1_37' title='bbox 555 626 676 674; x_wconf 87' lang='lat' dir='ltr'>montibus</span> <span class='ocrx_word' id='word_1_38' title='bbox 686 627 759 676; x_wconf 84' lang='lat' dir='ltr'>altot&#39;t</span> 
     </span>
     <span class='ocr_line' id='line_1_7' title="bbox 119 702 677 768; baseline 0.002 -17"><span class='ocrx_word' id='word_1_39' title='bbox 119 706 197 752; x_wconf 65' lang='lat' dir='ltr'>Tanta</span> <span class='ocrx_word' id='word_1_40' title='bbox 206 704 268 751; x_wconf 89' lang='lat' dir='ltr'>mole</span> <span class='ocrx_word' id='word_1_41' title='bbox 278 702 421 752; x_wconf 80' lang='lat' dir='ltr'>virt&#39;turritis</span> <span class='ocrx_word' id='word_1_42' title='bbox 431 704 554 768; x_wconf 76' lang='lat' dir='ltr'>puppibus</span> <span class='ocrx_word' id='word_1_43' title='bbox 563 705 657 752; x_wconf 79' lang='lat' dir='ltr'>instant</span> <span class='ocrx_word' id='word_1_44' title='bbox 675 702 677 706; x_wconf 68' lang='grc'>’</span> 
     </span>
     <span class='ocr_line' id='line_1_8' title="bbox 121 780 775 847; baseline 0.003 -17"><span class='ocrx_word' id='word_1_45' title='bbox 121 783 226 846; x_wconf 83' lang='lat' dir='ltr'>Stuppea</span> <span class='ocrx_word' id='word_1_46' title='bbox 236 780 330 830; x_wconf 87' lang='lat' dir='ltr'>flamme</span> <span class='ocrx_word' id='word_1_47' title='bbox 340 799 425 841; x_wconf 86' lang='lat' dir='ltr'>manu,</span> <span class='ocrx_word' id='word_1_48' title='bbox 436 782 534 847; x_wconf 80' lang='lat' dir='ltr'>teliiqne</span> <span class='ocrx_word' id='word_1_49' title='bbox 543 784 637 831; x_wconf 82' lang='lat' dir='ltr'>volatile</span> <span class='ocrx_word' id='word_1_50' title='bbox 648 783 736 832; x_wconf 85' lang='lat' dir='ltr'>ferrum</span> <span class='ocrx_word' id='word_1_51' title='bbox 773 789 775 793; x_wconf 83' lang='lat'>&#39;</span> 
     </span>
     <span class='ocr_line' id='line_1_9' title="bbox 121 862 741 926; baseline 0.003 -18"><span class='ocrx_word' id='word_1_52' title='bbox 121 862 243 926; x_wconf 80' lang='lat' dir='ltr'>Spargitur</span> <span class='ocrx_word' id='word_1_53' title='bbox 253 878 259 907; x_wconf 77' lang='grc' dir='ltr'><strong><em>ε</em></strong></span> <span class='ocrx_word' id='word_1_54' title='bbox 270 878 325 908; x_wconf 82' lang='lat' dir='ltr'>arva</span> <span class='ocrx_word' id='word_1_55' title='bbox 335 863 398 910; x_wconf 71' lang='lat' dir='ltr'>novi</span> <span class='ocrx_word' id='word_1_56' title='bbox 408 863 525 926; x_wconf 84' lang='lat' dir='ltr'>Neptunia</span> <span class='ocrx_word' id='word_1_57' title='bbox 535 862 597 910; x_wconf 85' lang='lat' dir='ltr'>caede</span> <span class='ocrx_word' id='word_1_58' title='bbox 606 863 741 910; x_wconf 82' lang='lat' dir='ltr'>rubescunt</span> 
     </span>
     <span class='ocr_line' id='line_1_10' title="bbox 122 940 692 1006; baseline 0.005 -20"><span class='ocrx_word' id='word_1_59' title='bbox 122 941 210 1004; x_wconf 82' lang='lat' dir='ltr'>Regina</span> <span class='ocrx_word' id='word_1_60' title='bbox 219 940 244 987; x_wconf 93' lang='lat' dir='ltr'>in</span> <span class='ocrx_word' id='word_1_61' title='bbox 253 940 335 989; x_wconf 74' lang='lat' dir='ltr'>mediis</span> <span class='ocrx_word' id='word_1_62' title='bbox 345 940 422 1005; x_wconf 85' lang='lat' dir='ltr'>patrio</span> <span class='ocrx_word' id='word_1_63' title='bbox 432 942 499 989; x_wconf 79' lang='lat' dir='ltr'>vocat</span> <span class='ocrx_word' id='word_1_64' title='bbox 509 942 601 1006; x_wconf 66' lang='lat' dir='ltr'>aprina</span> <span class='ocrx_word' id='word_1_65' title='bbox 611 943 692 999; x_wconf 81' lang='lat' dir='ltr'>aistro3</span> 
     </span>
     <span class='ocr_line' id='line_1_11' title="bbox 121 1018 723 1084; baseline 0.002 -19"><span class='ocrx_word' id='word_1_66' title='bbox 121 1018 226 1081; x_wconf 75' lang='lat' dir='ltr'>Necdum</span> <span class='ocrx_word' id='word_1_67' title='bbox 236 1019 306 1066; x_wconf 89' lang='lat' dir='ltr'>etiam</span> <span class='ocrx_word' id='word_1_68' title='bbox 315 1019 419 1084; x_wconf 78' lang='lat' dir='ltr'>geminos</span> <span class='ocrx_word' id='word_1_69' title='bbox 429 1018 515 1084; x_wconf 78' lang='lat' dir='ltr'>tter&#39;go</span> <span class='ocrx_word' id='word_1_70' title='bbox 524 1019 618 1084; x_wconf 81' lang='lat' dir='ltr'>respicit</span> <span class='ocrx_word' id='word_1_71' title='bbox 628 1034 723 1084; x_wconf 77' lang='lat' dir='ltr'>anguet.¹</span> 
     </span>
     <span class='ocr_line' id='line_1_12' title="bbox 121 1096 795 1162; baseline -0.001 -17"><span class='ocrx_word' id='word_1_72' title='bbox 121 1098 327 1162; x_wconf 74' lang='lat' dir='ltr'>Omnigenbmque</span> <span class='ocrx_word' id='word_1_73' title='bbox 338 1100 416 1146; x_wconf 84' lang='lat' dir='ltr'>Detlm</span> <span class='ocrx_word' id='word_1_74' title='bbox 424 1109 541 1156; x_wconf 79' lang='lat' dir='ltr'>monstra,</span> <span class='ocrx_word' id='word_1_75' title='bbox 551 1108 575 1145; x_wconf 90' lang='lat' dir='ltr'>et</span> <span class='ocrx_word' id='word_1_76' title='bbox 583 1097 679 1145; x_wconf 86' lang='lat' dir='ltr'>latrator</span> <span class='ocrx_word' id='word_1_77' title='bbox 688 1096 795 1154; x_wconf 76' lang='lat' dir='ltr'>Anubin,</span> 
     </span>
     <span class='ocr_line' id='line_1_13' title="bbox 120 1177 804 1240; baseline -0.003 -15"><span class='ocrx_word' id='word_1_78' title='bbox 120 1179 208 1225; x_wconf 82' lang='lat' dir='ltr'><strong>Contra</strong></span> <span class='ocrx_word' id='word_1_79' title='bbox 219 1179 358 1240; x_wconf 83' lang='lat' dir='ltr'>Neptunum</span> <span class='ocrx_word' id='word_1_80' title='bbox 367 1188 391 1224; x_wconf 88' lang='lat' dir='ltr'>et</span> <span class='ocrx_word' id='word_1_81' title='bbox 399 1179 528 1233; x_wconf 81' lang='lat' dir='ltr'>Venerem,</span> <span class='ocrx_word' id='word_1_82' title='bbox 538 1188 665 1240; x_wconf 82' lang='lat' dir='ltr'>contraque</span> <span class='ocrx_word' id='word_1_83' title='bbox 674 1177 804 1224; x_wconf 81' lang='lat' dir='ltr'>Minervam</span> 
     </span>
     <span class='ocr_line' id='line_1_14' title="bbox 120 1255 723 1304; baseline 0.002 -2"><span class='ocrx_word' id='word_1_84' title='bbox 120 1255 177 1303; x_wconf 90' lang='lat' dir='ltr'>Tela</span> <span class='ocrx_word' id='word_1_85' title='bbox 186 1266 267 1304; x_wconf 90' lang='lat' dir='ltr'>tenent</span> <span class='ocrx_word' id='word_1_86' title='bbox 277 1273 283 1301; x_wconf 80' lang='lat' dir='ltr'>e</span> <span class='ocrx_word' id='word_1_87' title='bbox 294 1255 361 1303; x_wconf 72' lang='lat' dir='ltr'>sevit</span> <span class='ocrx_word' id='word_1_88' title='bbox 373 1255 450 1304; x_wconf 84' lang='lat' dir='ltr'>medio</span> <span class='ocrx_word' id='word_1_89' title='bbox 460 1255 485 1302; x_wconf 92' lang='lat' dir='ltr'>in</span> <span class='ocrx_word' id='word_1_90' title='bbox 495 1255 620 1303; x_wconf 85' lang='lat' dir='ltr'>certamine</span> <span class='ocrx_word' id='word_1_91' title='bbox 629 1258 723 1303; x_wconf 79' lang='lat' dir='ltr'>Mavors</span> 
     </span>
     <span class='ocr_line' id='line_1_15' title="bbox 120 1331 657 1398; baseline 0.002 -16"><span class='ocrx_word' id='word_1_92' title='bbox 120 1333 222 1382; x_wconf 74' lang='lat' dir='ltr'>Caelatus</span> <span class='ocrx_word' id='word_1_93' title='bbox 232 1333 305 1393; x_wconf 79' lang='lat' dir='ltr'>serto,</span> <span class='ocrx_word' id='word_1_94' title='bbox 314 1333 436 1398; x_wconf 82' lang='lat' dir='ltr'>tristesque</span> <span class='ocrx_word' id='word_1_95' title='bbox 446 1350 475 1381; x_wconf 84' lang='lat' dir='ltr'>ex</span> <span class='ocrx_word' id='word_1_96' title='bbox 484 1331 570 1382; x_wconf 81' lang='lat' dir='ltr'>aethere</span> <span class='ocrx_word' id='word_1_97' title='bbox 581 1333 657 1392; x_wconf 78' lang='lat' dir='ltr'>Dirae,</span> 
     </span>
     <span class='ocr_line' id='line_1_16' title="bbox 121 1412 634 1478; baseline -0.006 -16"><span class='ocrx_word' id='word_1_98' title='bbox 121 1418 153 1462; x_wconf 85' lang='lat' dir='ltr'>Et</span> <span class='ocrx_word' id='word_1_99' title='bbox 162 1412 231 1462; x_wconf 69' lang='lat' dir='ltr'>seiam</span> <span class='ocrx_word' id='word_1_100' title='bbox 241 1413 344 1478; x_wconf 76' lang='lat' dir='ltr'>gaudent</span> <span class='ocrx_word' id='word_1_101' title='bbox 354 1413 419 1461; x_wconf 87' lang='lat' dir='ltr'>vadit</span> <span class='ocrx_word' id='word_1_102' title='bbox 428 1413 548 1461; x_wconf 70' lang='lat' dir='ltr'>Discordia</span> <span class='ocrx_word' id='word_1_103' title='bbox 558 1412 634 1477; x_wconf 71' lang='lat' dir='ltr'>palla;</span> 
     </span>
     <span class='ocr_line' id='line_1_17' title="bbox 123 1489 722 1556; baseline -0.005 -16"><span class='ocrx_word' id='word_1_104' title='bbox 123 1495 203 1554; x_wconf 84' lang='lat' dir='ltr'>Quam</span> <span class='ocrx_word' id='word_1_105' title='bbox 211 1507 267 1540; x_wconf 91' lang='lat' dir='ltr'>cum</span> <span class='ocrx_word' id='word_1_106' title='bbox 276 1492 403 1556; x_wconf 82' lang='lat' dir='ltr'>sanguineo</span> <span class='ocrx_word' id='word_1_107' title='bbox 413 1493 519 1556; x_wconf 80' lang='lat' dir='ltr'>sequitur</span> <span class='ocrx_word' id='word_1_108' title='bbox 528 1492 622 1540; x_wconf 86' lang='lat' dir='ltr'>Bellona</span> <span class='ocrx_word' id='word_1_109' title='bbox 631 1489 722 1554; x_wconf 80' lang='lat' dir='ltr'>flagello</span> 
     </span>
     <span class='ocr_line' id='line_1_18' title="bbox 161 1568 740 1632; baseline 0.002 -14"><span class='ocrx_word' id='word_1_110' title='bbox 161 1569 243 1620; x_wconf 77' lang='lat' dir='ltr'>Aetius</span> <span class='ocrx_word' id='word_1_111' title='bbox 252 1568 302 1619; x_wconf 82' lang='lat' dir='ltr'>haec</span> <span class='ocrx_word' id='word_1_112' title='bbox 312 1586 409 1618; x_wconf 78' lang='lat' dir='ltr'>cernens</span> <span class='ocrx_word' id='word_1_113' title='bbox 419 1586 499 1619; x_wconf 77' lang='lat' dir='ltr'>arctim</span> <span class='ocrx_word' id='word_1_114' title='bbox 508 1569 645 1618; x_wconf 82' lang='lat' dir='ltr'>intendebat</span> <span class='ocrx_word' id='word_1_115' title='bbox 656 1570 740 1632; x_wconf 79' lang='lat' dir='ltr'>Apollo</span> 
     </span>
     <span class='ocr_line' id='line_1_19' title="bbox 122 1645 712 1714; baseline -0.007 -17"><span class='ocrx_word' id='word_1_116' title='bbox 122 1652 228 1713; x_wconf 81' lang='lat' dir='ltr'>Desuper</span> <span class='ocrx_word' id='word_1_117' title='bbox 238 1666 244 1696; x_wconf 83' lang='lat' dir='ltr'>t</span> <span class='ocrx_word' id='word_1_118' title='bbox 255 1650 331 1697; x_wconf 86' lang='lat' dir='ltr'>omnis</span> <span class='ocrx_word' id='word_1_119' title='bbox 341 1665 370 1697; x_wconf 91' lang='lat' dir='ltr'>eo</span> <span class='ocrx_word' id='word_1_120' title='bbox 379 1661 466 1697; x_wconf 84' lang='lat' dir='ltr'>terrore</span> <span class='ocrx_word' id='word_1_121' title='bbox 475 1652 604 1714; x_wconf 70' lang='lat' dir='ltr'>Egyptua,</span> <span class='ocrx_word' id='word_1_122' title='bbox 614 1659 639 1694; x_wconf 92' lang='lat' dir='ltr'>et</span> <span class='ocrx_word' id='word_1_123' title='bbox 649 1645 712 1704; x_wconf 84' lang='lat' dir='ltr'>Indi,</span> 
     </span>
     <span class='ocr_line' id='line_1_20' title="bbox 121 1725 784 1791; baseline -0.005 -15"><span class='ocrx_word' id='word_1_124' title='bbox 121 1727 205 1776; x_wconf 83' lang='lat' dir='ltr'>Omnis</span> <span class='ocrx_word' id='word_1_125' title='bbox 214 1727 304 1787; x_wconf 78' lang='lat' dir='ltr'>Arabs,</span> <span class='ocrx_word' id='word_1_126' title='bbox 314 1743 396 1777; x_wconf 86' lang='lat' dir='ltr'>omnes</span> <span class='ocrx_word' id='word_1_127' title='bbox 405 1727 529 1775; x_wconf 80' lang='lat' dir='ltr'>vertebant</span> <span class='ocrx_word' id='word_1_128' title='bbox 538 1731 601 1791; x_wconf 78' lang='lat' dir='ltr'>terga</span> <span class='ocrx_word' id='word_1_129' title='bbox 610 1725 692 1780; x_wconf 66' lang='lat' dir='ltr'>sobet</span> <span class='ocrx_word' id='word_1_130' title='bbox 782 1774 784 1778; x_wconf 73' lang='grc'>,</span> 
     </span>
     <span class='ocr_line' id='line_1_21' title="bbox 122 1805 592 1872; baseline 0.004 -18"><span class='ocrx_word' id='word_1_131' title='bbox 122 1811 175 1872; x_wconf 84' lang='lat' dir='ltr'>Ipea</span> <span class='ocrx_word' id='word_1_132' title='bbox 185 1806 310 1855; x_wconf 77' lang='lat' dir='ltr'>videbatur</span> <span class='ocrx_word' id='word_1_133' title='bbox 320 1806 396 1854; x_wconf 83' lang='lat' dir='ltr'>ventis</span> <span class='ocrx_word' id='word_1_134' title='bbox 406 1806 495 1872; x_wconf 74' lang='lat' dir='ltr'>Regina</span> <span class='ocrx_word' id='word_1_135' title='bbox 505 1805 592 1856; x_wconf 78' lang='lat' dir='ltr'>vocatio</span> 
     </span>
     <span class='ocr_line' id='line_1_22' title="bbox 121 1879 744 1951; baseline -0.01 -15"><span class='ocrx_word' id='word_1_136' title='bbox 121 1886 181 1936; x_wconf 84' lang='lat' dir='ltr'>Vela</span> <span class='ocrx_word' id='word_1_137' title='bbox 191 1885 257 1943; x_wconf 88' lang='lat' dir='ltr'>dare,</span> <span class='ocrx_word' id='word_1_138' title='bbox 268 1897 291 1933; x_wconf 90' lang='lat' dir='ltr'>et</span> <span class='ocrx_word' id='word_1_139' title='bbox 300 1886 364 1934; x_wconf 79' lang='lat' dir='ltr'>laxos</span> <span class='ocrx_word' id='word_1_140' title='bbox 374 1883 422 1949; x_wconf 79' lang='lat' dir='ltr'>jam</span> <span class='ocrx_word' id='word_1_141' title='bbox 431 1883 525 1951; x_wconf 83' lang='lat' dir='ltr'>jamque</span> <span class='ocrx_word' id='word_1_142' title='bbox 536 1881 660 1932; x_wconf 82' lang='lat' dir='ltr'>immittere</span> <span class='ocrx_word' id='word_1_143' title='bbox 669 1879 744 1931; x_wconf 76' lang='lat' dir='ltr'>funes.</span> 
     </span>
     <span class='ocr_line' id='line_1_23' title="bbox 121 1963 651 2030; baseline 0.002 -18"><span class='ocrx_word' id='word_1_144' title='bbox 121 1963 189 2012; x_wconf 87' lang='lat' dir='ltr'>Illam</span> <span class='ocrx_word' id='word_1_145' title='bbox 200 1965 260 2012; x_wconf 90' lang='lat' dir='ltr'>inter</span> <span class='ocrx_word' id='word_1_146' title='bbox 269 1963 342 2014; x_wconf 82' lang='lat' dir='ltr'>caedes</span> <span class='ocrx_word' id='word_1_147' title='bbox 351 1964 478 2030; x_wconf 88' lang='lat' dir='ltr'>pallentem</span> <span class='ocrx_word' id='word_1_148' title='bbox 488 1977 563 2014; x_wconf 85' lang='lat' dir='ltr'>morte</span> <span class='ocrx_word' id='word_1_149' title='bbox 571 1963 651 2013; x_wconf 69' lang='lat' dir='ltr'>sutura</span> 
     </span>
     <span class='ocr_line' id='line_1_24' title="bbox 122 2042 747 2109; baseline -0.005 -17"><span class='ocrx_word' id='word_1_150' title='bbox 122 2046 217 2092; x_wconf 81' lang='lat' dir='ltr'>Fecerat</span> <span class='ocrx_word' id='word_1_151' title='bbox 226 2043 360 2109; x_wconf 84' lang='lat' dir='ltr'>ignipotent</span> <span class='ocrx_word' id='word_1_152' title='bbox 369 2043 439 2093; x_wconf 76' lang='lat' dir='ltr'>undis</span> <span class='ocrx_word' id='word_1_153' title='bbox 450 2056 473 2093; x_wconf 88' lang='lat' dir='ltr'>et</span> <span class='ocrx_word' id='word_1_154' title='bbox 483 2049 569 2109; x_wconf 78' lang='lat' dir='ltr'>Iapyge</span> <span class='ocrx_word' id='word_1_155' title='bbox 579 2042 633 2091; x_wconf 84' lang='lat' dir='ltr'>ferri</span> <span class='ocrx_word' id='word_1_156' title='bbox 644 2060 650 2089; x_wconf 90' lang='lat'>:</span> <span class='ocrx_word' id='word_1_157' title='bbox 722 2046 725 2054; x_wconf 92' lang='lat'>&#39;</span> <span class='ocrx_word' id='word_1_158' title='bbox 746 2061 747 2064; x_wconf 44' lang='lat'>¹</span> 
     </span>
     <span class='ocr_line' id='line_1_25' title="bbox 121 2121 748 2188; baseline -0.002 -17"><span class='ocrx_word' id='word_1_159' title='bbox 121 2123 209 2171; x_wconf 79' lang='lat' dir='ltr'>eontra</span> <span class='ocrx_word' id='word_1_160' title='bbox 219 2134 298 2170; x_wconf 83' lang='lat' dir='ltr'>autem</span> <span class='ocrx_word' id='word_1_161' title='bbox 306 2138 392 2188; x_wconf 81' lang='lat' dir='ltr'>magno</span> <span class='ocrx_word' id='word_1_162' title='bbox 401 2135 540 2172; x_wconf 71' lang='lat' dir='ltr'>maerentem</span> <span class='ocrx_word' id='word_1_163' title='bbox 548 2138 644 2186; x_wconf 87' lang='lat' dir='ltr'>corpore</span> <span class='ocrx_word' id='word_1_164' title='bbox 655 2121 748 2180; x_wconf 86' lang='lat' dir='ltr'>Nilum,</span> 
     </span>
     <span class='ocr_line' id='line_1_26' title="bbox 121 2202 698 2266; baseline -0.005 -17"><span class='ocrx_word' id='word_1_165' title='bbox 121 2202 312 2266; x_wconf 85' lang='lat' dir='ltr'>Pandentemque</span> <span class='ocrx_word' id='word_1_166' title='bbox 324 2202 402 2259; x_wconf 82' lang='lat' dir='ltr'>sinus,</span> <span class='ocrx_word' id='word_1_167' title='bbox 410 2214 434 2249; x_wconf 92' lang='lat' dir='ltr'>et</span> <span class='ocrx_word' id='word_1_168' title='bbox 443 2204 492 2249; x_wconf 69' lang='lat' dir='ltr'>toti</span> <span class='ocrx_word' id='word_1_169' title='bbox 502 2213 564 2249; x_wconf 82' lang='lat' dir='ltr'>veste</span> <span class='ocrx_word' id='word_1_170' title='bbox 575 2205 698 2247; x_wconf 87' lang='lat' dir='ltr'>vocantem</span> 
     </span>
     <span class='ocr_line' id='line_1_27' title="bbox 122 2276 783 2344; baseline -0.008 -15"><span class='ocrx_word' id='word_1_171' title='bbox 122 2280 255 2329; x_wconf 83' lang='lat' dir='ltr'>Caeruleum</span> <span class='ocrx_word' id='word_1_172' title='bbox 264 2280 289 2327; x_wconf 91' lang='lat' dir='ltr'>in</span> <span class='ocrx_word' id='word_1_173' title='bbox 300 2279 416 2344; x_wconf 81' lang='lat' dir='ltr'>gremium</span> <span class='ocrx_word' id='word_1_174' title='bbox 424 2279 585 2342; x_wconf 80' lang='lat' dir='ltr'>latebrosaque</span> <span class='ocrx_word' id='word_1_175' title='bbox 595 2276 693 2325; x_wconf 86' lang='lat' dir='ltr'>flumina</span> <span class='ocrx_word' id='word_1_176' title='bbox 703 2277 783 2325; x_wconf 72' lang='lat' dir='ltr'>victor.</span> 
     </span>
     <span class='ocr_line' id='line_1_28' title="bbox 161 2352 749 2423; baseline -0.005 -16"><span class='ocrx_word' id='word_1_177' title='bbox 161 2359 193 2407; x_wconf 82' lang='lat' dir='ltr'>At</span> <span class='ocrx_word' id='word_1_178' title='bbox 202 2361 292 2416; x_wconf 74' lang='lat' dir='ltr'>Cesar,</span> <span class='ocrx_word' id='word_1_179' title='bbox 303 2357 389 2423; x_wconf 85' lang='lat' dir='ltr'>triplici</span> <span class='ocrx_word' id='word_1_180' title='bbox 399 2358 505 2406; x_wconf 77' lang='lat' dir='ltr'>invectus</span> <span class='ocrx_word' id='word_1_181' title='bbox 514 2353 619 2406; x_wconf 80' lang='lat' dir='ltr'>Romana</span> <span class='ocrx_word' id='word_1_182' title='bbox 628 2352 749 2420; x_wconf 84' lang='lat' dir='ltr'>triumpho</span> 
     </span>
     <span class='ocr_line' id='line_1_29' title="bbox 122 2434 706 2495; baseline -0.009 -8"><span class='ocrx_word' id='word_1_183' title='bbox 122 2438 222 2495; x_wconf 84' lang='lat' dir='ltr'>Moenia,</span> <span class='ocrx_word' id='word_1_184' title='bbox 234 2439 275 2485; x_wconf 81' lang='lat' dir='ltr'>Dia</span> <span class='ocrx_word' id='word_1_185' title='bbox 284 2437 349 2486; x_wconf 80' lang='lat' dir='ltr'>ltalia</span> <span class='ocrx_word' id='word_1_186' title='bbox 359 2450 442 2486; x_wconf 83' lang='lat' dir='ltr'>votum</span> <span class='ocrx_word' id='word_1_187' title='bbox 451 2437 582 2486; x_wconf 88' lang='lat' dir='ltr'>immortale</span> <span class='ocrx_word' id='word_1_188' title='bbox 590 2434 706 2491; x_wconf 77' lang='lat' dir='ltr'>sacrabat,</span> 
     </span>
     <span class='ocr_line' id='line_1_30' title="bbox 121 2513 715 2579; baseline -0.005 -14"><span class='ocrx_word' id='word_1_189' title='bbox 121 2517 223 2566; x_wconf 79' lang='lat' dir='ltr'>Maxima</span> <span class='ocrx_word' id='word_1_190' title='bbox 234 2528 374 2565; x_wconf 88' lang='lat' dir='ltr'>tercentum</span> <span class='ocrx_word' id='word_1_191' title='bbox 383 2528 458 2565; x_wconf 88' lang='lat' dir='ltr'>totam</span> <span class='ocrx_word' id='word_1_192' title='bbox 466 2516 564 2565; x_wconf 88' lang='lat' dir='ltr'>delubra</span> <span class='ocrx_word' id='word_1_193' title='bbox 573 2531 616 2579; x_wconf 88' lang='lat' dir='ltr'>per</span> <span class='ocrx_word' id='word_1_194' title='bbox 625 2513 715 2568; x_wconf 80' lang='lat' dir='ltr'>urbem</span> 
     </span>
     <span class='ocr_line' id='line_1_31' title="bbox 89 2591 684 2661; baseline -0.01 -16"><span class='ocrx_word' id='word_1_195' title='bbox 89 2591 94 2596; x_wconf 62' lang='grc'><em>’</em></span> <span class='ocrx_word' id='word_1_196' title='bbox 122 2597 214 2645; x_wconf 70' lang='lat' dir='ltr'>taetittt</span> <span class='ocrx_word' id='word_1_197' title='bbox 222 2596 332 2661; x_wconf 81' lang='lat' dir='ltr'>ludisque</span> <span class='ocrx_word' id='word_1_198' title='bbox 342 2596 385 2644; x_wconf 82' lang='lat' dir='ltr'>viae</span> <span class='ocrx_word' id='word_1_199' title='bbox 394 2596 526 2660; x_wconf 73' lang='lat' dir='ltr'>plausuque</span> <span class='ocrx_word' id='word_1_200' title='bbox 537 2593 668 2643; x_wconf 84' lang='lat' dir='ltr'>fremebant</span> <span class='ocrx_word' id='word_1_201' title='bbox 678 2610 684 2640; x_wconf 90' lang='lat'>:</span> 
     </span>
     <span class='ocr_line' id='line_1_32' title="bbox 121 2671 789 2740; baseline -0.009 -17"><span class='ocrx_word' id='word_1_202' title='bbox 121 2675 240 2724; x_wconf 86' lang='lat' dir='ltr'>Omnibus</span> <span class='ocrx_word' id='word_1_203' title='bbox 247 2676 273 2723; x_wconf 91' lang='lat' dir='ltr'>in</span> <span class='ocrx_word' id='word_1_204' title='bbox 283 2675 377 2740; x_wconf 83' lang='lat' dir='ltr'>templis</span> <span class='ocrx_word' id='word_1_205' title='bbox 386 2681 490 2723; x_wconf 80' lang='lat' dir='ltr'>matrtnn</span> <span class='ocrx_word' id='word_1_206' title='bbox 497 2673 596 2732; x_wconf 72' lang='lat' dir='ltr'>chotun,</span> <span class='ocrx_word' id='word_1_207' title='bbox 606 2671 716 2721; x_wconf 87' lang='lat' dir='ltr'>omnibut</span> <span class='ocrx_word' id='word_1_208' title='bbox 726 2684 772 2718; x_wconf 82' lang='lat' dir='ltr'>arte</span> <span class='ocrx_word' id='word_1_209' title='bbox 782 2685 789 2716; x_wconf 83' lang='lat' dir='ltr'>t</span> 
     </span>
     <span class='ocr_line' id='line_1_33' title="bbox 122 2751 716 2816; baseline -0.005 -14"><span class='ocrx_word' id='word_1_210' title='bbox 122 2753 185 2802; x_wconf 77' lang='lat' dir='ltr'>Ante</span> <span class='ocrx_word' id='word_1_211' title='bbox 196 2771 245 2802; x_wconf 83' lang='lat' dir='ltr'>arat</span> <span class='ocrx_word' id='word_1_212' title='bbox 255 2766 341 2802; x_wconf 86' lang='lat' dir='ltr'>terram</span> <span class='ocrx_word' id='word_1_213' title='bbox 350 2754 403 2802; x_wconf 77' lang='lat' dir='ltr'>caeti</span> <span class='ocrx_word' id='word_1_214' title='bbox 412 2755 513 2803; x_wconf 74' lang='lat' dir='ltr'>stravere</span> <span class='ocrx_word' id='word_1_215' title='bbox 524 2751 624 2816; x_wconf 80' lang='lat' dir='ltr'>juvenci.</span> <span class='ocrx_word' id='word_1_216' title='bbox 714 2807 716 2813; x_wconf 32' lang='grc' dir='ltr'>Ι</span> 
     </span>
     <span class='ocr_line' id='line_1_34' title="bbox 122 2829 683 2898; baseline 0 -19"><span class='ocrx_word' id='word_1_217' title='bbox 122 2837 185 2898; x_wconf 79' lang='lat' dir='ltr'>lpse,</span> <span class='ocrx_word' id='word_1_218' title='bbox 195 2833 278 2880; x_wconf 79' lang='lat' dir='ltr'>sedena</span> <span class='ocrx_word' id='word_1_219' title='bbox 286 2833 357 2882; x_wconf 85' lang='lat' dir='ltr'>niveo</span> <span class='ocrx_word' id='word_1_220' title='bbox 366 2832 486 2884; x_wconf 74' lang='lat' dir='ltr'>candentia</span> <span class='ocrx_word' id='word_1_221' title='bbox 494 2833 576 2882; x_wconf 89' lang='lat' dir='ltr'>limine</span> <span class='ocrx_word' id='word_1_222' title='bbox 585 2829 683 2888; x_wconf 82' lang='lat' dir='ltr'>Phoebi,</span> 
     </span>
     <span class='ocr_line' id='line_1_35' title="bbox 123 2905 734 2982; baseline -0.005 -19"><span class='ocrx_word' id='word_1_223' title='bbox 123 2930 148 2964; x_wconf 82' lang='lat' dir='ltr'>v.</span> <span class='ocrx_word' id='word_1_224' title='bbox 167 2928 230 2982; x_wconf 81' lang='lat'>7²⁰·</span> <span class='ocrx_word' id='word_1_225' title='bbox 689 2905 734 2960; x_wconf 77' lang='lat'>25.</span> 
     </span>
    </p>
   </div>
   <div class='ocr_carea' id='block_1_3' title="bbox 0 0 993 3772">
    <p class='ocr_par' dir='ltr' id='par_1_3' title="bbox 0 0 993 3772">
     <span class='ocr_line' id='line_1_36' title="bbox 0 0 993 3772; baseline 0 0"><span class='ocrx_word' id='word_1_226' title='bbox 0 0 993 3772; x_wconf 95' lang='lat' dir='ltr'> </span> 
     </span>
    </p>
   </div>
  </div>
 </body>
</html>
