1974 3772
187 306 226 368 ’,ο
402 296 531 348 runnu
551 301 722 350 vrnornrr

105 421 108 427 ·
189 401 285 450 Ilicibus
295 383 382 448 crebris
391 392 457 449 sacri
466 414 550 447 nemus
559 397 656 447 accubet
665 399 757 447 umbri.

188 482 251 530 Tum
261 492 343 528 tenues
353 478 408 526 dare
418 479 498 525 rursus
509 494 593 541 aquas,
604 488 628 524 et
636 493 730 541 pascere
740 477 823 528 mnus
829 513 837 538 ‚

190 559 249 608 Solis
258 558 287 606 ad
297 573 419 618 occasum
430 557 484 605 cum
495 552 592 621 sQidue
603 558 655 604 aera
663 573 748 621 vesper

110 674 119 683 .
189 643 326 702 Temperat,
337 649 360 685 et
370 636 442 684 saltus
452 631 526 684 reficit
535 634 584 699 jam
593 635 682 684 roscida
691 635 762 693 luna,

92 732 101 743 “
190 719 326 780 Litteraque
334 717 457 782 alcyonem
466 727 589 773 resonant,
599 727 623 763 et
632 711 755 763 acanthida
765 714 841 764 dumi.

230 795 295 859 Quid
304 794 348 842 tibi
357 806 461 859 pastores
472 794 566 859 Libyae,
575 793 633 857 quid
641 809 727 857 pascua
736 811 809 843 versu

188 875 332 937 Prosequor,
343 885 366 921 et
376 873 433 921 raris
443 871 547 920 habitata
557 872 657 936 mapalia
668 870 751 920 tectis?

189 955 255 1017 Saepb
265 952 341 1009 diem,
352 963 504 1016 noctemque,
515 962 623 999 ettotam
632 967 660 998 ex
673 951 755 999 ordine
765 964 870 1005 mensem

189 1033 307 1089 Pascitur„
317 1031 383 1095 itque
392 1046 464 1095 pectre
472 1031 543 1094 longa
553 1029 578 1077 in
589 1029 678 1078 deserta
688 1030 738 1078 sine
748 1031 805 1081 ullis

190 1110 303 1175 Hospitiis
313 1128 320 1157 :
332 1111 423 1158 tautum
434 1111 511 1173 campi
521 1107 593 1172 jacet!
604 1109 691 1157 Omnia
701 1125 783 1159 secum

186 1186 355 1238 lamentariae,
362 1188 420 1237 Aser
429 1190 488 1254 agit,
499 1200 648 1252 tectumque3
657 1187 792 1254 laremque,
811 1226 813 1231 .

190 1269 320 1332 Armaque,
326 1267 520 1334 Amyclaeumque
528 1256 779 1332 mnem,Cressamapue
786 1264 927 1334 pharetram.

190 1351 242 1395 Non
254 1345 320 1395 socias
330 1363 356 1394 ac
365 1346 447 1410 patriis
458 1362 510 1392 acer
519 1348 640 1394 Romanus
649 1345 675 1393 in
685 1345 755 1394 armis

189 1423 280 1488 lnjusto
291 1424 336 1472 suh
346 1420 407 1471 sasce
417 1424 481 1471 viam
490 1419 544 1472 cum
555 1423 642 1487 carpit,
653 1436 676 1472 et
685 1420 747 1474 hosti

189 1503 251 1552 Ante
261 1514 421 1567 exspectatum
430 1502 512 1566 positis
522 1513 568 1551 stat
580 1502 609 1550 in·
616 1503 708 1568 agmine
717 1503 804 1553 caenis.

227 1582 261 1630 Aa
268 1597 330 1641 nou,
340 1584 389 1645 qud
395 1579 498 1647 Scythiae
509 1593 601 1647 gentes,
611 1584 764 1648 Mareoticaque
773 1581 839 1631 unda
845 1617 852 1642 ,

188 1660 309 1710 Turbidus
319 1673 342 1710 et
352 1672 463 1724 torquens
474 1660 586 1710 flaventes
597 1665 760 1718 Interamnae,
784 1676 788 1683 ·

190 1742 292 1804 Quaque
302 1738 363 1788 redit
371 1739 477 1788 medium
488 1737 603 1804 Rhodope
611 1743 717 1805 porrecta
727 1740 772 1789 sub
781 1757 856 1790 axem

190 1818 239 1867 lllic
249 1820 327 1867 clausa
337 1831 417 1868 tenent
427 1819 525 1867 stabulis
534 1831 651 1892 armenta}
663 1836 739 1884 neque
749 1818 806 1877 ullae

189 1897 239 1946 Aut
249 1896 328 1945 hcrbae
337 1912 421 1961 campo
431 1911 557 1962 apparent,
568 1909 610 1947 aut
619 1897 702 1946 arbore
711 1895 806 1947 frondea
816 1916 824 1947 a

189 1975 235 2022 Sed
243 1973 302 2038 jacet
312 1975 435 2041 aggeribus
444 1977 519 2026 niveis
528 1976 635 2025 informis
644 1988 667 2025 et
677 1977 725 2026 alto

188 2057 259 2102 Terra
270 2055 324 2120 gelu
333 2055 391 2112 late,
402 2066 538 2122 septemque
548 2056 646 2121 asamgit
656 2056 681 2103 in
691 2056 759 2104 ulnae
770 2073 776 2103 ε
792 2119 794 2122 ⁴

188 2134 286 2197 Semper
295 2129 382 2191 hiems,
393 2150 485 2199 semper
494 2135 608 2199 spirantes
618 2133 705 2200 frigora
713 2135 792 2184 Cauri.

187 2200 251 2260 Tum
261 2213 296 2260 sol
305 2213 419 2276 pallentes
429 2211 493 2262 hand
503 2215 610 2278 unquam
619 2213 714 2262 discutit
724 2213 835 2273 umbras,
914 2232 918 2239 ·

190 2292 237 2338 Nec
245 2281 301 2339 cum
310 2293 416 2340 invectus
425 2294 493 2356 equis
500 2294 575 2342 altum
584 2292 644 2360 petit
655 2288 754 2349 ethan,
764 2308 808 2341 nec
818 2288 874 2340 ct'tnr

190 2371 335 2434 Praecipitem
344 2372 431 2419 Oceani
441 2373 513 2420 nrlno
523 2372 581 2419 lavit
590 2387 684 2436 aequore
693 2387 798 2419 currum.
900 2400 902 2405 ·

189 2450 347 2498 Concrescunt
356 2450 440 2499 subitae
448 2451 551 2499 currenti
560 2451 585 2498 in
595 2450 694 2498 flumine
704 2461 801 2509 ousae,

188 2527 305 2590 Undaquc
315 2526 362 2591 jam
373 2539 437 2593 tergo
448 2529 543 2578 serratos
553 2530 652 2579 cunnos
663 2528 746 2587 orbes,

187 2607 312 2671 Puppibus
322 2606 361 2654 illa
371 2608 437 2672 prius
445 2609 547 2681 patulis,¹
556 2614 620 2656 'nunc
629 2607 722 2672 hospita
732 2604 857 2671 plaustris}

188 2689 290 2750 AEraque
300 2684 417 2734 dissiliunt
427 2689 511 2752 vulgo,
521 2699 642 2751 vestesque
655 2686 771 2752 rigescunt

188 2762 280 2811 Indutae
286 2798 293 2822 ,
303 2765 443 2828 caduntque
453 2765 574 2814 securibus
584 2765 682 2813 humida
692 2765 761 2824 vina,

189 2844 219 2888 Et
228 2853 283 2888 totae
294 2843 393 2892 solidam
402 2845 426 2892 in
435 2845 534 2909 glaciem
543 2847 633 2893 vertere
641 2842 745 2902 lacuum,

189 2919 303 2984 stiriaque
313 2922 411 2989 impexis
421 2921 528 2972 indauuit
538 2921 632 2981 horrida
641 2922 728 2972 barbis.

190 3016 216 3049 r.
232 2998 298 3048 366.
