1974 3772
346 204 472 251 munis.
493 205 559 250 nia.
581 208 643 252 xri.
813 202 867 271 395

126 299 278 368 Dejecturum
288 317 350 350 arces
361 304 459 362 Italum,
470 303 605 366 excidioque
615 303 737 363 daturum;

125 388 226 447 Jamque
236 378 297 430 saoes
307 381 336 429 ad
346 394 405 430 tecta
416 382 499 430 volant
512 399 517 428 :
529 383 553 429 in
564 394 586 430 te
596 396 637 430 ora
648 383 738 443 Latini,

125 467 154 510 In
164 473 187 511 te
197 461 277 510 oculos
287 460 391 510 referunt
401 478 408 508 z
419 475 507 509 mussat
517 477 557 509 rex
566 461 616 526 ipse
626 462 735 521 inditus,

93 544 100 563 ‘
126 545 195 605 Quos
204 557 300 606 generos
310 553 389 600 vocet,
399 553 440 588 aut
450 557 503 604 quae
512 557 560 589 sese
571 540 601 589 ad
614 539 701 590 foedera
712 540 797 591 flectat.

123 623 238 668 Praeterea
247 620 340 686 regina,
350 615 519 679 nitidissima,
529 621 610 668 dextra

124 699 216 748 Occidit
225 698 276 763 ipsa
286 701 341 758 sua,
350 699 474 764 lucemque
484 700 591 748 exterrita
601 698 668 765 fugit.

124 778 174 831 Soli
181 794 225 842 pro
233 780 307 842 portis
316 781 437 843 Messapus
448 791 471 827 et
481 795 532 827 acer
542 779 624 827 Atinas

124 859 261 906 Sustentant
271 859 358 907 aciem:
369 859 457 906 aucum
466 856 512 907 hos
521 859 633 922 utrinque
642 857 769 924 phalanges

123 938 192 987 Stant
201 936 291 995 densae,
302 937 433 1002 strictisque
442 954 505 1004 seges
515 937 668 986 mucronibus
678 934 758 987 horret

124 1019 209 1066 Ferrea
221 1034 226 1062 :
236 1027 264 1064 tu
273 1033 370 1065 aunum
378 1017 470 1065 deserto
479 1019 505 1065 in
515 1017 619 1082 gramine
628 1033 707 1064 versas
716 1018 723 1065 l

164 1095 295 1160 Obstupuit
304 1097 367 1142 varia
377 1096 489 1143 confusus
499 1096 599 1161 imagine
609 1112 689 1143 rerum

123 1177 232 1231 liunus,
243 1186 266 1221 et
276 1174 362 1222 obtutu
372 1173 442 1224 tacito
452 1174 516 1222 stetit
527 1192 532 1221 :
543 1185 626 1222 aestuat
635 1175 717 1238 ingens

123 1257 176 1302 lmo
186 1254 211 1300 in
220 1252 289 1301 corde
298 1253 389 1317 pudor,
399 1252 519 1318 mixtoque
530 1254 618 1301 insania
628 1253 695 1301 luctu
700 1288 707 1311 ‚

124 1336 156 1380 Et
166 1329 233 1380 furiis
243 1333 342 1396 agitatus
352 1347 431 1391 amor,
441 1345 465 1380 et
473 1334 564 1381 oonseia
574 1334 656 1380 virtus.

124 1415 158 1460 Ut
167 1411 272 1476 primum
282 1411 390 1460 discussae
399 1412 503 1472 umbrae,
513 1425 536 1460 et
546 1413 587 1460 lux
597 1411 687 1460 reddita
699 1414 786 1469 menti,

123 1489 240 1538 Ardentes
250 1491 374 1540 oculorum
382 1491 451 1540 orbes
461 1492 491 1539 ad
500 1493 587 1539 moenia
598 1493 665 1539 torsit

122 1569 257 1626 Turbidus,
267 1573 327 1635 eque
337 1571 394 1619 rotis
403 1587 512 1636 magnam
522 1570 624 1637 respexit
633 1570 662 1618 ad
672 1570 765 1619 urbem.

122 1652 183 1696 Ecce
194 1660 273 1696 autem
281 1647 382 1698 lammis
391 1650 452 1698 inter
462 1651 566 1698 tabulata
577 1649 673 1696 volutus

123 1726 162 1775 Ad
172 1727 259 1776 eoelum
266 1728 372 1777 undabat
382 1741 479 1789 vortex,
490 1730 621 1793 turrimque
631 1727 738 1787 tenebat,

120 1807 231 1865 ffumim,
241 1809 367 1872 compactis
378 1808 484 1856 trabibus
494 1821 566 1872 quam
575 1806 686 1856 eduxerat
693 1806 756 1870 ipse,

123 1885 311 1950 subdideratque
321 1899 395 1946 rotas,
404 1898 534 1952 pontesque
544 1889 683 1934 instraverat
691 1886 757 1933 altos.

123 1969 177 2013 lam
186 1963 235 2027 jam
244 1965 304 2024 sata,
314 1982 379 2013 soror
385 1999 394 2022 ,
405 1978 530 2030 superant;
541 1966 625 2013 absiste
635 1964 721 2013 morari
732 1981 738 2011 ε

125 2045 181 2107 Qud
193 2046 266 2102 Deus,
278 2056 301 2092 et
310 2046 359 2110 quo
370 2044 428 2094 dura
439 2042 507 2094 voest
516 2045 622 2104 fortuna,
634 2060 766 2109 sequamur.

124 2125 174 2171 Stat
183 2123 287 2171 conferre
296 2141 395 2173 manum
403 2129 495 2184 AEneae,
505 2137 550 2174 stat
559 2123 676 2190 quidquid
686 2123 763 2172 acerbi
773 2137 807 2173 est

124 2204 199 2250 Morte
209 2204 271 2266 pati3
283 2219 325 2251 nec
334 2219 372 2251 ane
383 2204 527 2261 indecorem,
538 2219 659 2268 germana,
670 2201 761 2250 videbis

123 2280 234 2346 Amplius
245 2300 250 2328 :
261 2279 339 2340 hunc,
348 2298 402 2340 oro,
412 2281 462 2328 sine
470 2297 508 2329 me
518 2282 595 2328 furere
604 2283 659 2328 ante
669 2279 780 2328 furorem.

164 2361 240 2418 Dixit,
251 2373 274 2408 et
283 2363 296 2407 ὲ
304 2378 376 2409 curru
385 2361 471 2408 saltum
481 2360 544 2408 dedit
552 2360 617 2409 ociits
627 2360 697 2419 arvis3

124 2444 215 2504 Perque
225 2437 315 2498 hostes,
325 2456 368 2504 per
377 2440 423 2488 tela
432 2440 494 2499 ruit,
504 2453 659 2504 mmeramque
669 2454 771 2487 sororem

126 2519 228 2578 Deserit,
238 2537 264 2568 ac
274 2519 357 2584 rapido
367 2536 436 2568 cursu
447 2519 523 2568 media
533 2521 625 2585 agmina
636 2519 731 2584 rumpit

124 2597 160 2646 Ac
168 2600 242 2648 veluti
251 2599 338 2647 montis
352 2616 436 2648 saxum
445 2601 474 2648 de
482 2601 569 2648 vertice
578 2614 681 2664 praeceps

125 2678 187 2725 cum
197 2680 243 2726 ruit
254 2680 364 2727 avulsum
374 2690 457 2737 vento,
468 2697 509 2728 seu
519 2679 628 2727 turbidus
637 2676 713 2725 imber

124 2758 228 2815 Proluit,
238 2770 279 2806 aut
288 2759 355 2806 anuis
363 2760 433 2807 solvit
443 2760 551 2824 sublapsa
562 2770 679 2816 vetustas3

125 2838 209 2884 Fertur
220 2838 244 2884 iu
253 2839 382 2904 abruptum
391 2855 476 2904 magno
486 2855 553 2888 mons
564 2837 687 2903 improbus
697 2846 763 2894 actu,

126 2933 151 2967 v.
166 2916 229 2982 687.
309 2988 313 2993 .
