1974 3772
124 255 179 317 376
331 256 461 302 aunan
481 254 654 305 manian

123 357 170 403 Fas
179 366 241 412 eran
253 353 413 418 iiqueomnee
422 353 523 417 nivique
533 353 689 418 hominesque
699 358 829 407 canebant

123 434 208 484 victus
216 450 295 481 amore
304 433 353 489 tui,
363 443 462 498 cognato
471 432 585 498 sanguine
594 433 683 491 victua,

123 511 237 579 conjugis
246 524 270 560 et
279 524 368 561 mmm
377 512 499 577 lacrymis,
509 512 586 561 vinela
595 512 676 560 omnia
685 515 744 580 rupi
752 534 759 578 ;

124 592 264 641 Promissam
274 591 350 656 eripui
357 606 456 656 genero;
467 606 531 639 arma
541 591 613 656 impin
623 592 724 657 sumpsi.

162 674 199 718 Ex
208 671 248 718 ilio
258 671 299 734 qui
308 686 347 718 me
356 687 436 728 caeno,
445 685 512 735 que,
522 673 615 731 Turne,
631 685 766 736 aequantur

124 751 200 806 Belle,
209 749 287 808 videm
297 760 400 814 quantos
409 749 500 813 primus
509 750 597 812 patiare
607 749 707 800 labores.

124 830 162 876 Bis
169 829 254 893 magni
263 829 320 876 vieti
328 829 409 893 pugni
418 829 461 876 vix
468 828 528 876 urbe
537 839 633 878 utemur

123 908 181 970 spes
191 907 272 965 lulas3
287 907 389 956 recalent
398 918 480 956 nostro
490 906 600 956 Tiberina
610 905 701 957 fluenta

124 987 241 1051 Sanguine
250 983 328 1035 adhuc
334 1021 341 1042 ‚
348 986 476 1051 campique
483 974 589 1051 ingenue
598 985 692 1037 oeeibua
700 988 793 1040 albent.

164 1067 221 1128 Qui»
230 1063 317 1112 referor
326 1063 412 1113 toties?
422 1080 476 1130 quu
484 1077 587 1114 mentun
596 1065 688 1115 insanie
697 1068 796 1119 mutati

123 1144 738 1209 Si‚'1'nrnoexstincto,soc'memmaodreperama,

123 1226 173 1273 Cur
183 1240 232 1272 non
242 1223 355 1273 incolumi
364 1224 444 1289 potitis
453 1223 579 1271 certamina
589 1222 665 1272 tollo?

125 1302 192 1366 Quid
201 1302 367 1367 consanguinei
376 1302 473 1359 Rutuli,
482 1301 541 1367 quid
550 1313 625 1350 uetera
635 1302 698 1352 dicet

124 1382 204 1439 italia,
214 1380 244 1429 nd
253 1393 353 1430 mortem
363 1381 382 1428 si
392 1393 416 1429 te
426 1381 488 1444 (fam
497 1381 558 1430 dicu
568 1380 670 1446 retuaet)

123 1460 282 1520 Pmdiderim‚
292 1471 371 1508 natam
381 1471 405 1508 et
413 1459 531 1508 connubia
541 1472 623 1510 nostra
631 1459 773 1526 petentem?

124 1539 222 1604 Respice
231 1555 267 1589 ree
274 1539 339 1588 bello
348 1539 436 1599 vatim
447 1540 555 1589 numere
564 1540 669 1605 parentia

124 1618 249 1684 Longum,
259 1634 331 1684 quem
341 1634 405 1669 nnnc
413 1631 525 1670 mestum
533 1619 610 1685 patna
617 1618 697 1669 Ardea
706 1624 779 1686 longe

122 1697 221 1746 Dividit
232 1698 423 1763 Haudquaqntn
432 1697 499 1748 dnm
508 1697 619 1747 violentie
629 1700 707 1748 Turni
742 1697 746 1701 ’

124 1770 237 1825 Flectitur
248 1795 254 1825 :
264 1778 480 1844 exsuperatmagia,
490 1778 639 1844 aegrmitque
647 1775 775 1832 medendo.
859 1798 862 1803 ·

123 1856 157 1903 Ut
166 1856 272 1920 primiun
281 1857 325 1905 ieri
334 1857 425 1922 potum,
435 1857 468 1906 sio
477 1857 560 1906 institit
569 1873 610 1905 ore
619 1875 625 1904 ε
640 1903 646 1913 ,

164 1937 244 1996 Quam
249 1952 293 2000 pro
299 1952 337 1984 me
342 1953 423 1984 curam
428 1937 489 2002 geris
495 1972 501 1995 ,
507 1935 568 1984 hanc
573 1952 665 2000 precor,
671 1939 822 2005 optime,pro
829 1954 865 1985 me

124 2006 246 2076 Deponas',
254 2014 376 2078 letumque
385 2015 446 2062 sinas
455 2032 499 2080 pro
509 2016 579 2065 laude
588 2015 680 2080 pacisci.

124 2095 154 2139 Et
165 2108 207 2138 nos
218 2092 275 2148 tela,
285 2105 364 2156 pater,
373 2091 509 2158 semumque
518 2093 584 2144 haud
592 2094 669 2143 debile
679 2095 763 2144 dextri

123 2171 271 2235 spargimus,
282 2184 305 2220 et
316 2183 395 2221 nostro
405 2173 512 2237 sequitur
521 2174 550 2223 de
560 2174 657 2222 vulnere
667 2175 771 2242 sanguis.

124 2253 204 2315 longe
214 2250 248 2299 illi
260 2255 307 2299 Dea
316 2264 391 2300 mater
400 2253 456 2311 erit,
466 2269 520 2318 quta
529 2253 594 2302 nube
603 2252 712 2318 fugacem

124 2331 236 2378 Feminei
245 2343 319 2396 tegat,
328 2343 353 2381 et
362 2333 428 2380 vanis
437 2347 486 2381 sese
497 2333 587 2381 occulat
596 2333 695 2381 umbrie.

162 2410 195 2456 At
205 2410 296 2474 regina,
307 2413 369 2458 novi
378 2427 463 2477 pugnoe
473 2414 597 2460 conterrita
607 2424 682 2469 sorte,

124 2488 219 2545 Flebat,
229 2501 253 2536 et
262 2491 382 2538 ardentem
391 2472 625 2555 generum'moritura
632 2491 728 2538 tenebat
740 2510 745 2538 :

121 2571 215 2627 Turne,
224 2584 267 2632 per
276 2567 318 2616 has
327 2586 370 2634 ego
381 2582 403 2618 te
413 2571 540 2635 lacrymas,
549 2587 591 2634 per
601 2571 619 2618 si
629 2570 683 2634 quis
692 2570 787 2619 Amatae

121 2647 207 2711 Tangit
217 2645 292 2695 honos
302 2649 418 2706 animum,
429 2657 438 2713 (ᾗ
443 2666 495 2714 spes
505 2662 532 2697 tu
541 2666 605 2697 nunc
615 2666 676 2706 ama,
686 2663 787 2698 senectae

122 2729 160 2773 Tu
170 2727 262 2790 requies
272 2729 374 2786 miserae,
384 2728 456 2776 decus
465 2729 637 2793 impetiumque
647 2728 726 2776 Latini

121 2807 155 2851 Te
166 2821 249 2869 penes,
259 2806 316 2854 inte
327 2809 403 2855 omnis
413 2808 497 2856 domus
508 2808 617 2856 inclinata
627 2807 774 2871 recumbit),

101 2919 104 2926 .
122 2887 204 2932 Unum
214 2901 271 2933 oro:
282 2885 365 2937 deciate
374 2903 473 2936 manum
481 2889 626 2937 committere
635 2887 740 2935 Teucris.

124 2982 147 3013 v.
167 2965 208 3014 60,

20 3348 255 3529 ἱζ.
