1974 3772
243 284 444 335 BUGOLICA
461 286 616 334 ECLOGA
634 289 668 335 11.

84 385 195 436 Thestilis
205 396 229 433 et
237 384 321 450 rapido
330 382 395 432 fessis
404 386 546 434 messoribus
555 397 615 434 aestu

84 467 147 515 Allia
156 464 335 531 serpyllumque
345 461 430 512 herbas
439 465 563 514 convindit
570 465 666 514 olentes.

83 546 116 594 At
126 560 222 593 mecum
230 543 319 601 raucis,
330 554 371 592 tua
381 543 440 592 dum
449 543 544 608 vestigia
554 544 642 604 lustro,

83 625 137 673 Sole
147 623 194 672 sub
203 622 295 671 ardenti
304 634 414 671 resonant
423 621 517 670 arbusta
527 621 618 673 cicadis.

84 707 169 751 Nonne
178 701 225 750 fuit
234 701 307 750 satiba
317 702 393 749 tristes
403 700 555 766 Amaryllidis
564 701 610 750 iras

84 779 276 847 Atque-superba
285 780 335 844 pati
344 777 453 828 fastidia?
462 796 541 828 nonne
551 780 693 846 Menalcam,

85 860 202 924 Quamvis
212 859 250 907 ille
260 860 338 923 niger,
348 858 456 923 quamvis
465 870 492 907 tu
505 859 618 908 candidus
628 853 706 909 esses?

83 943 105 988 Ο
116 938 217 987 formose
227 953 288 1002 puer
297 937 399 985 nimium
408 953 438 985 ne
447 937 514 986 crede
524 938 596 986 colori
607 956 613 984 ε

84 1018 146 1066 Alba
155 1016 253 1080 ligustra
263 1016 363 1074 cadunt,
373 1017 476 1064 raecinia
485 1016 552 1082 nigra
561 1017 679 1081 leguntur.

84 1100 213 1161 Despectus
224 1095 267 1143 tibi
277 1111 343 1155 sum,
356 1111 399 1143 nec
408 1095 450 1159 qui
460 1095 505 1142 rim
513 1098 611 1159 quaeris,
622 1094 703 1155 Alexi3

85 1178 166 1238 Quum
175 1175 241 1223 dives
250 1174 353 1238 pecoris,
361 1173 425 1221 nivei
433 1175 507 1238 quim
518 1174 584 1222 lactis
594 1174 724 1222 abundans.

61 1299 64 1302 ,
83 1254 148 1302 Mille
158 1269 217 1301 meae
225 1252 308 1300 Siculis
318 1264 395 1300 errant
405 1253 429 1299 in
437 1253 557 1301 montibus
567 1269 646 1318 agnae;

84 1338 130 1381 Lac
140 1331 212 1389 rnihi,
224 1348 272 1378 non
282 1335 373 1390 estate,
384 1347 486 1391 norum,
497 1348 546 1380 non
556 1329 651 1396 frigore,
661 1326 725 1380 defit

83 1415 159 1460 Canto
170 1426 223 1474 quae
233 1410 328 1468 solitus,
339 1410 463 1475 siquando
473 1422 576 1460 armenta
586 1409 698 1471 vocabat,

83 1488 207 1554 Amphion
218 1489 320 1538 Dircaeus
329 1490 354 1537 in
364 1490 443 1538 Actaeo
454 1487 597 1556 Aracyntho.
630 1492 632 1503 '

65 1570 74 1585 ''
84 1565 132 1618 Nec
142 1585 195 1616 sum
206 1568 264 1616 adei)
273 1568 380 1616 informis
390 1586 396 1616 ι
407 1585 483 1634 nuper
492 1584 530 1618 ms
539 1570 565 1617 in
575 1570 652 1618 littore
662 1567 725 1627 ridi,

83 1650 147 1697 Ciam
156 1640 277 1713 placidum
286 1648 362 1696 ventis
372 1658 442 1696 staret
451 1663 528 1708 mare;
539 1664 588 1695 non
597 1663 639 1713 ego
650 1644 785 1712 Daphnim,

84 1727 167 1777 iudice
178 1739 214 1784 te,
223 1739 340 1798 metuam,
351 1726 370 1774 si
381 1728 504 1789 nunqubrn
512 1723 578 1774 fallat
586 1725 671 1790 imago.

124 1809 146 1853 Ο
154 1807 248 1853 tantum
255 1805 327 1852 libeat
339 1821 433 1853 mecum
443 1804 487 1852 tibi
495 1804 590 1852 sordida
600 1820 656 1852 rura

84 1885 164 1948 Atque
173 1882 277 1937 humiles
286 1882 392 1932 habitare
402 1896 465 1932 casas
471 1919 478 1941 ,
484 1896 512 1934 ret
522 1879 591 1948 figere
601 1899 695 1942 cervos,

85 1963 261 2026 flaedorurnque
269 1979 362 2028 gregem
371 1962 441 2011 viridi
451 1948 590 2027 compellere
600 1961 704 2018 hibisco!

84 2045 179 2090 Mecum
192 2043 241 2088 unit
248 2041 273 2088 in
283 2042 348 2089 silvis
356 2042 476 2090 imitabere
485 2046 549 2090 l'ana
563 2041 675 2090 canendo.

84 2124 134 2168 Pan
143 2120 235 2184 primus
245 2121 345 2168 calamos
354 2124 406 2169 ceri
415 2118 556 2187 conjungere
566 2121 645 2185 plures

85 2200 203 2260 Instituit;
214 2203 263 2247 Pan
273 2212 339 2247 curat
352 2216 419 2257 oves,
430 2201 559 2264 oviumque
568 2201 700 2265 magistros·

84 2281 132 2325 Nec
142 2289 165 2325 te
175 2279 289 2342 poeniteat
300 2278 389 2327 calamo
399 2280 489 2328 trivisse
499 2279 626 2340 labellum

85 2359 140 2403 llaee
150 2355 232 2403 eadem
241 2358 357 2417 irretiret,
367 2358 425 2423 quid
435 2375 483 2407 non
492 2359 591 2407 faciebat
601 2351 749 2423 Amyntasl'

85 2439 127 2480 l'st
135 2432 196 2482 mihi
205 2433 339 2499 disparibus
349 2449 439 2500 septem
449 2449 570 2502 compacta
580 2437 660 2485 cicutis

85 2512 187 2570 Fistula,
197 2516 316 2561 Damoetas
326 2515 389 2563 dono
398 2513 457 2564 mihi
467 2533 540 2581 quam
549 2516 614 2564 dedit
621 2516 690 2573 olim,

86 2595 116 2639 Et
125 2591 183 2639 dixit
191 2593 293 2643 moriens
304 2611 310 2640 ε
319 2598 352 2643 Te
362 2611 426 2643 nune
435 2593 508 2644 habet
516 2596 558 2643 ista
567 2595 703 2644 secundum·

87 2669 149 2718 Dixit
163 2674 295 2732 Damoetas;
306 2673 391 2721 invidit
401 2673 486 2723 stultus
497 2676 619 2740 Amyntas.

86 2749 197 2796 Praeterel
207 2749 268 2807 duo,
279 2767 321 2799 nec
330 2754 381 2801 tuta
390 2750 450 2801 mihi
460 2754 519 2801 valle
530 2754 629 2818 reperti,

86 2827 204 2890 capreoli,
215 2831 300 2894 sparsis
310 2831 380 2879 etiam
390 2847 454 2880 nunc
462 2832 564 2898 pellibus
574 2832 642 2888 albo,

87 2904 141 2952 Bina
152 2906 188 2955 die
198 2908 286 2958 siccant
296 2909 347 2958 oris
356 2908 443 2976 ubera,
453 2927 513 2977 quos
523 2911 566 2961 tibi
576 2925 650 2959 serso.

89 2999 112 3034 v.
125 2988 168 3048 lya.
235 2990 239 2998 '
650 3006 670 3034 r·

808 282 825 340 5
