1974 3772
196 299 249 366 395
404 298 533 344 annun
553 297 726 347 vrncrnrr

235 398 272 448 Sic
283 398 327 454 ait,
338 396 490 460 adductisque
499 411 579 444 emens
589 395 695 442 subsistit
704 392 813 447 habenis.

197 472 275 542 Atque
285 475 353 533 huic,
364 475 479 524 infaciem
488 490 553 522 soror
564 486 591 523 ut
600 491 711 523 conversa
721 477 815 526 Metisci

196 557 300 621 Aurigae,
312 571 454 618 currumque
462 565 486 603 et
495 570 569 618 eqtros
578 566 603 602 et
610 554 661 602 lora
670 555 780 619 regebat,
878 610 881 614 ⁴

195 637 293 685 'felibus
303 634 403 683 occurrit
413 633 480 682 dictis
491 652 497 681 :
507 636 569 691 Hac,
578 636 671 691 Tume‚
681 649 812 697 uqunmur

195 714 351 780 Troiugenas,
362 714 410 778 qui
417 715 494 778 prima
504 714 567 762 riam
577 712 673 761 victoria
682 713 779 778 pandit3

195 797 256 844 Sunt
266 793 304 841 elii
314 792 355 857 qui
366 805 425 841 tecta
435 809 509 842 manu
518 791 640 841 defendere
651 793 748 856 possint

196 873 287 937 Ingruit
295 876 380 920 AEncas
390 872 463 930 Italis,
474 883 497 920 et
506 872 587 936 prelia
596 870 690 930 miseet3

194 954 226 1000 Et
236 968 279 998 nos
288 966 350 998 saeva
359 966 433 999 manu
441 950 563 999 mittamus
572 950 656 999 funera
665 950 769 1000 Teucria.

196 1032 242 1078 Nec
251 1046 350 1078 numero
359 1029 468 1091 inferior,
477 1045 564 1097 pugnat
574 1047 617 1078 nec
626 1028 717 1079 honore
727 1028 831 1079 recedes.

194 1113 291 1158 Turnus
301 1108 407 1159 ndhaec:
830 1150 835 1157 .

195 1192 218 1237 0
227 1205 304 1248 soror,
315 1201 339 1237 et
348 1188 441 1238 dudum
450 1190 548 1253 cgnovi,
558 1190 612 1238 cnm
621 1189 698 1253 prima
707 1203 750 1252 per
761 1199 838 1238 artem

196 1267 295 1317 Foedera
303 1268 402 1318 turbdsti
409 1304 421 1327 ,.
426 1280 495 1333 teque
505 1266 556 1318 haec
564 1269 591 1317 iu
599 1267 661 1316 bella
671 1266 757 1315 dedisti
767 1285 773 1314 ε

197 1351 227 1395 Et
237 1364 301 1395 nunc
310 1349 467 1415 nequicquam
477 1344 551 1404 fallis,
562 1351 616 1394 Dea.
627 1345 673 1395 Sed
680 1347 735 1410 quis
744 1347 853 1413 Olympo

196 1427 327 1474 Demissam
336 1419 413 1476 t'nntos
423 1426 499 1475 voluit
509 1438 532 1475 te
540 1424 600 1474 serre
609 1421 718 1473 labores?

196 1505 234 1565 ᾼι]
246 1503 322 1554 fratris
331 1505 410 1555 miseri
419 1506 494 1554 letum
502 1516 529 1554 ut
538 1504 631 1553 crudele
640 1504 732 1552 videres
738 1501 752 1555 i,

196 1587 257 1632 Nam
266 1584 325 1649 quid
335 1583 396 1650 ago?
407 1597 448 1634 aut
457 1572 510 1650 quie
519 1582 568 1647 jam
577 1578 678 1648 spondet
687 1581 785 1631 fortuna
794 1572 911 1632 salutem?

195 1662 253 1713 Vidi
263 1663 343 1712 oculos
353 1676 407 1712 ente
417 1664 467 1729 ipse
476 1679 541 1711 meos
550 1678 588 1711 me
598 1677 655 1710 voce
665 1674 792 1711 vocantem

195 1745 349 1801 Murranum,
359 1759 407 1808 quo
416 1759 464 1790 non
473 1754 569 1806 superat
577 1739 636 1790 mihi
646 1740 721 1789 carior
730 1742 803 1799 alter,

195 1825 313 1886 oppetere
324 1821 454 1888 ingentem,
465 1833 536 1887 atque
543 1820 633 1886 ingenti
642 1820 742 1869 vulnere
752 1821 850 1877 victum

194 1900 287 1955 Occidit
297 1899 391 1961 infelix,
401 1917 431 1949 ne
441 1913 550 1951 nostrum
559 1899 659 1949 dedecus
667 1897 742 1948 Ufens

195 1978 316 2043 Aspiceret
327 1996 333 2025 ε
343 1980 427 2028 Teucri
437 1981 563 2043 potiuntur
573 1995 670 2049 corpore
680 1990 703 2026 et
714 1977 796 2027 armis.-

195 2057 335 2105 Exscindine
345 2057 429 2105 domos
441 2057 480 2120 (id
489 2058 561 2105 rebus
570 2058 646 2107 defuit
655 2057 747 2120 unum)

195 2133 331 2200 Perpetiar?
342 2136 423 2184 dextris
433 2152 475 2184 nec
484 2136 582 2184 Drancis
591 2136 653 2186 dicte
662 2134 786 2185 refellam?

196 2221 269 2282 Terga
280 2214 359 2264 dabo?
369 2228 392 2265 et
401 2219 510 2264 Turnum
519 2215 648 2281 fugientem
658 2214 707 2265 haec
716 2227 778 2264 terra
788 2213 894 2266 videbit?
930 2243 934 2248 -

196 2298 277 2360 Usque
288 2295 376 2344 ndedne
386 2297 446 2344 mori
454 2296 566 2344 miserum
576 2293 627 2345 est?
639 2312 680 2345 vos
691 2298 705 2344 ὁ
715 2292 790 2357 mihi,
800 2300 894 2353 Manes,

196 2375 331 2433 Euclioni,
342 2376 455 2440 quoniam
465 2375 560 2440 Superis
571 2392 650 2424 aversa
661 2376 780 2423 voluntas

196 2457 279 2503 Sancta
290 2453 320 2503 ad
329 2471 371 2502 vos
381 2456 471 2512 anima,
482 2467 552 2520 atque
564 2454 629 2504 istius
638 2455 709 2503 inscia
719 2455 797 2518 culpae

197 2534 353 2592 Descendm,
364 2551 504 2602 magnorum
513 2533 578 2583 hnud
588 2536 695 2599 unquirm
704 2534 818 2598 indignus
828 2547 931 2580 avorum.

235 2615 282 2665 Vix
292 2631 319 2662 ea
328 2615 390 2662 fatus
401 2628 449 2663 erat
456 2631 462 2674 3
471 2615 561 2663 medios
570 2616 636 2664 volat
645 2631 696 2662 ecce
706 2629 748 2677 per
756 2610 837 2660 hostes

74 2680 81 2689 x
164 2758 168 2763 Ι
199 2695 284 2746 Vectus
294 2700 356 2759 equo
366 2707 489 2759 spumante
500 2697 581 2760 Sages,
593 2693 688 2743 adversa
698 2692 782 2758 sagitta

197 2774 293 2822 Saucius
304 2791 358 2832 ora„
369 2775 463 2840 ruitque
473 2775 601 2838 implorans
611 2775 706 2822 nomine
715 2777 828 2820 Turnum
839 2789 845 2818 :

196 2856 289 2912 Turne,
300 2854 355 2903 inte
365 2871 475 2919 suprema
485 2855 547 2903 selus
555 2872 562 2915 3
571 2854 679 2903 miserere
689 2864 794 2901 tuorum.

196 2931 318 2981 Fulminat
327 2938 412 2984 AEneas
422 2935 505 2993 armis,
515 2949 665 2999 summasque
675 2933 781 2981 minatur

199 3029 223 3061 v.
242 3011 276 3063 <55
282 3014 305 3075 4.
