1974 3772
343 214 643 275 rumstr'n'vu.
695 229 698 235 ·
741 235 749 263 κ
814 212 863 269 sss

124 323 232 373 Dircxdre
243 322 302 372 acies
312 341 318 370 ε
330 340 378 371 non
389 321 437 386 jam
446 324 571 370 certamine
581 327 679 387 agresti.

123 404 247 468 stipitibus
257 403 322 451 duris
332 404 420 468 agitur,
428 401 556 450 sudibusve
564 403 660 467 praeusti
666 420 686 463 ⁵?

117 483 168 551 'Sed
178 482 239 531 serm
248 481 344 546 ancipiti
354 482 496 540 decernunt,
506 493 602 546 atraque
611 482 658 529 late
694 484 697 488 ’

93 578 97 584 ’
122 562 241 610 Horrescit
250 562 334 609 strictis
345 577 408 626 seges
418 560 527 618 ensibus,
538 576 629 625 aeraque
639 561 731 626 fulgent

123 641 175 690 Sole
185 641 301 698 lacessita,
312 651 335 688 et
344 640 422 704 lucem
432 641 478 688 sub
487 640 569 688 nubila
580 638 673 703 jactant.
760 668 762 672 ι

122 720 220 768 Fluctus
230 721 266 768 uti
276 720 353 784 primo
364 720 436 784 coepit
444 722 499 767 cum
509 719 625 768 albescere
634 731 717 778 vento,

123 801 239 848 Paulatim
249 815 297 847 sese
307 799 369 846 tollit
378 814 454 856 mare,
465 811 487 846 et
497 799 567 847 altius
576 798 652 846 undas

123 879 206 944 Erigit,
217 878 271 925 inde
281 878 329 924 imo
339 877 459 943 consurgit
469 877 498 925 ad
507 876 593 926 aethera
603 877 685 927 fundo,

163 959 207 1004 Hic
216 955 309 1019 juvenis
318 958 420 1022 primam
430 969 483 1005 ante
494 959 579 1015 aciem,
590 957 700 1006 stridente
710 958 805 1023 sagitta.

124 1033 347 1103 Natorum-Tymbri
357 1035 433 1083 fuerat
444 1037 485 1099 qui
495 1025 624 1095 maximus,
635 1037 722 1084 Almon

123 1116 251 1174 Sternitur3
263 1114 329 1162 haesit
340 1116 402 1162 euim
412 1116 458 1162 sub
467 1127 561 1178 gutture
572 1115 672 1173 vulnus,
682 1126 706 1162 et
715 1115 770 1163 uda!

126 1182 194 1245 Vocis
204 1196 247 1242 iter
256 1205 399 1257 tenuemque
409 1193 503 1242 inclusit
511 1193 624 1258 sanguine
634 1194 716 1259 vitam,

123 1276 228 1338 Corpora
237 1274 312 1320 multa
322 1274 401 1320 virum
409 1274 482 1333 οἰκέῃ
494 1274 618 1338 seniorque
627 1273 739 1331 Galesus,

124 1354 188 1400 Dirm
197 1352 248 1416 paci
258 1352 363 1401 medium
373 1368 397 1400 se
408 1350 487 1411 offert,
498 1350 711 1416 justissimusunus
754 1361 757 1365 ’

125 1433 173 1494 Qui
184 1429 241 1488 suit,
252 1431 410 1496 Armeniisque
421 1433 482 1479 olim
491 1432 619 1481 ditissimus
630 1432 705 1480 arvis:

124 1512 237 1576 Quinque
247 1527 326 1576 greges
336 1511 370 1557 illi
380 1511 502 1558 balantum
508 1506 519 1567 ’,·
526 1511 599 1575 quina
609 1512 718 1560 redibant

123 1590 248 1649 „umente
259 1601 282 1637 et
292 1601 377 1638 terram
387 1601 483 1637 centum
492 1590 599 1637 vertebat
608 1592 696 1638 aratris.

162 1670 240 1734 Atque
250 1685 277 1716 ea
286 1684 329 1733 per
338 1685 434 1733 campos
444 1685 512 1733 aequo
523 1670 581 1717 dum
590 1672 664 1718 Marte
674 1681 799 1733 geruntur,

123 1748 233 1796 Promissi
243 1751 291 1796 Dea
301 1745 361 1796 facta
371 1761 467 1814 potens,
477 1749 520 1796 ubi
530 1749 643 1813 sanguine
653 1748 744 1796 bellum

123 1827 225 1885 imbuit,
235 1839 258 1874 et
268 1828 350 1909 primap
359 1829 476 1876 commisit
486 1828 568 1876 funera
578 1843 677 1894 pugnae,

123 1906 213 1953 Deserit
223 1908 369 1970 Hesperiam,
380 1919 403 1956 et
410 1908 479 1959 ,coeli
489 1923 592 1961 convexa
602 1914 734 1972 pensurus,

122 1990 242 2033 Junonem
251 1986 335 2034 victrix
345 1986 429 2036 affatur
438 2004 495 2036 voce
506 1987 619 2052 superba:

123 2067 160 2111 En
170 2062 271 2128 perfecta
281 2066 326 2114 tibi
335 2066 398 2114 bello
409 2067 522 2116 discordia
533 2067 593 2115 tristi
605 2084 610 2112 :
643 2056 650 2066 ⁸

123 2144 166 2192 Dic
176 2143 201 2191 in
211 2144 338 2192 amicitiam
346 2151 442 2204 cadant,
452 2145 576 2195 etfoedera
585 2142 698 2210 jungam

124 2222 325 2287 Quandoquidem
333 2224 440 2272 Ausonio
448 2224 546 2288 respersi
556 2225 668 2287 sanguine
677 2226 786 2272 Teucros.

123 2306 173 2350 Hoc
183 2302 254 2350 etiam
263 2300 301 2349 his
311 2301 408 2360 addam,
418 2313 460 2350 tua
469 2301 488 2350 si
498 2299 558 2350 mihi
568 2313 629 2350 certa
639 2302 760 2363 voluutas,
803 2366 806 2371 Ι
855 2294 860 2303 ’

124 2380 245 2428 Finitimas
256 2382 281 2429 'ur
290 2381 352 2429 bella
361 2381 435 2429 seram
444 2382 579 2430 rumoribus
589 2381 673 2439 urbes,

123 2459 303 2524 ¹decendamque
311 2461 401 2509 animos
410 2461 486 2509 insani
496 2459 578 2513 Martis
587 2477 679 2518 amore,

122 2537 235 2603 Undique
245 2551 272 2588 ut
282 2540 368 2588 auxilio
378 2541 474 2589 veniant
485 2557 491 2600 3
503 2556 610 2605 spargam
620 2556 684 2587 arms
693 2554 736 2603 per
746 2554 818 2604 agros.

122 2620 185 2666 Tum
194 2620 275 2666 contra
285 2623 298 2666 J
300 2636 348 2668 uno
360 2638 366 2665 ε
376 2623 504 2668 Terrorum
513 2631 536 2668 et
546 2617 634 2668 fraudis
643 2618 738 2666 abunde
748 2624 792 2677 est3

122 2696 189 2744 Stant
198 2696 255 2745 belli
264 2714 349 2758 causae3
360 2711 480 2764 pugnatur
487 2686 594 2750 cominus
604 2699 684 2758 arnust

123 2778 184 2839 Quat
195 2775 242 2824 sors
252 2778 327 2842 prima
337 2777 414 2833 dedit,
422 2777 516 2844 sanguis
525 2795 602 2828 nouis
608 2776 699 2826 imbuit
708 2787 780 2824 arana.
817 2788 820 2793 ·

122 2854 188 2902 ralia
197 2855 316 2905 connubia
326 2868 349 2905 et
359 2858 416 2906 tales
426 2858 543 2907 celebrent
550 2855 684 2923 hytrtentttot

124 2951 149 2984 v.
163 2933 199 2986 55
202 2933 219 2986 5
222 2972 227 2982 .
